@ARTICLE{dorigo:96,
    author = "Marco Dorigo and Vittorio Maniezzo and Alberto Colorni",
    title = "The {A}nt {S}ystem: {O}ptimization by a colony of cooperating agents",
    journal = "IEEE Transactions on Systems, Man, and Cybernetics Part B: Cybernetics",
    volume = "26",
    number = "1",
    pages = "29--41",
    year = "1996",
    url = "citeseer.ist.psu.edu/dorigo96ant.html"
}


@InProceedings{lopes:06,
    author = {Heitor Silvério Lopes},
    title = {Fundamentos de Computação Evolucionária e  Aplicações},
    booktitle = {Anais da Escola Regional de Informática da Sociedade Brasileira de Computação},
    pages = {52--107},
    year = {2006},
    editor = {Katia Romero Felizardo},
    address = {Bandeirantes, PR},
    month = {maio},
    publisher = {Departamento de Informática da FFALM}
}

@InProceedings{palazzo:02,
    author = {L. A. M Palazzo},
    title = {Sistemas de Hipermídia Adaptativa},
    booktitle = {XXI Jornada de Atualização em Informática. XXII Congresso da SBC},
    year = {2002},
    address = {Florianópolis},
    month = {julho}
}

@ARTICLE{interlegis,
  AUTHOR =       {Paulo Henrique Gabatteli Vieira and Rommell Guimarães Caixeta},
  TITLE =        {Implementação da Heurística da Formiga para Auxiliar à navegação do Portal Interlegis},
  address =      {Brasília},
  YEAR =         {2004}
}



@INBOOK{ajith:06,
  AUTHOR =       "Ajith Abraham and He Guo and Hongbo Liu",
  editor =       "Nadia Nedjah and Luiza Mourelle",
  TITLE =        " Swarm Intelligent Systems",
  CHAPTER =      "Swarm Intelligence: Foundations, Perspectives and Applications",
  pages =        "3--25",
  PUBLISHER =    "Springer Verlag",
  YEAR =         "2006"
  series =       "Studies in Computational Intelligence",
  address =      "Germany"
}


@INPROCEEDINGS{brusilovsky:96,
  AUTHOR =       "Peter Brusilovsky",
  TITLE =        "Methods and Techniques of Adaptative Hypermedia",
  BOOKTITLE =    "User Modeling and User-Adapted Interaction",
  YEAR =         "1996",
  volume =       "6",
  number =       "2--3",
  month =        "July",
  publisher =    "Springer Netherlands"
}


@inproceedings{sousa:03,
 author = {Tiago Sousa and Ana Neves and Arlindo Silva},
 title = {Swarm Optimisation as a New Tool for Data Mining},
 booktitle = {IPDPS '03: Proceedings of the 17th International Symposium on Parallel and Distributed Processing},
 year = {2003},
 isbn = {0-7695-1926-1},
 pages = {144.2},
 publisher = {IEEE Computer Society},
 address = {Washington, DC, USA},
 }


@InProceedings{zarnani:06,
author = {Ashkan Zarnani and Masoud Rahgozar},
title = {Mining Spatial Trends by a Colony of Cooperative Ant Agents},
booktitle = {SIAM Conference on Data Mining},
year = {2006},
address = { Bethesda, Maryland, USA},
month = {April},
organization = {Society for Industrial and Applied Mathematics}
}

% *******************************************************************************************************************************

@ARTICLE{bowman:reasoning,
    AUTHOR = "Mic Bowman and Saumya K. Debray and Larry L. Peterson",
    TITLE = "Reasoning About Naming Systems",
    JOURNAL = "ACM Trans. Program. Lang. Syst.",
    VOLUME = {15},
    NUMBER = {5},
    PAGES = {795-825},
    MONTH = "November",
    YEAR = {1993}   }

@ARTICLE{braams:babel,
    AUTHOR = "Johannes Braams",
    TITLE = "Babel, a Multilingual Style-Option System for Use with LaTeX's Standard Document Styles",
    JOURNAL = {TUGboat},
    VOLUME = {12},
    NUMBER = {2},
    PAGES = {291-301},
    MONTH = "June",
    YEAR = {1991}   }

@INPROCEEDINGS{clark:pct,
    AUTHOR = "Malcolm Clark",
    TITLE = "Post Congress Tristesse",
    BOOKTITLE = "TeX90 Conference Proceedings",
    PAGES = "84-89",
    ORGANIZATION = "TeX Users Group",
    MONTH = "March", 
    YEAR = {1991}   }

@ARTICLE{herlihy:methodology,
    AUTHOR = "Maurice Herlihy",
    TITLE = "A Methodology for Implementing Highly Concurrent
    Data Objects",
    JOURNAL = {ACM Trans. Program. Lang. Syst.},
    VOLUME = {15},
    NUMBER = {5},
    PAGES = {745-770},
    MONTH = "November",
    YEAR = {1993}   }

@BOOK{Lamport:LaTeX,
    AUTHOR = "Leslie Lamport",
    TITLE = "LaTeX User's Guide and Document Reference Manual",
    PUBLISHER = "Addison-Wesley Publishing Company",
    ADDRESS = "Reading, Massachusetts",
    YEAR = "1986"   }

@BOOK{salas:calculus,
    AUTHOR = "S.L. Salas and Einar Hille",
    TITLE = "Calculus: One and Several Variable",
    PUBLISHER = "John Wiley and Sons",
    ADDRESS = "New York",
    YEAR = "1978"   }





