@article{Porto2006,
author = {Porto, S.A.},
file = {:Users/Diogo/Documents/Disserta\c{c}\~{a}o/resumos/silvio/Final Corrigido.pdf:pdf},
title = {{Planejamento em redes de tarefas hier\'{a}rquicas com aplica\c{c}\~{a}o em jogos}},
url = {http://dspace.c3sl.ufpr.br/dspace/handle/1884/8802},
year = {2006}
}
@article{Weld1999,
author = {Weld, D.S.},
file = {:Users/Diogo/Documents/Disserta\c{c}\~{a}o/resumos/weld/weld.pdf:pdf},
issn = {0738-4602},
journal = {AI magazine},
number = {2},
pages = {93},
title = {{Recent advances in AI planning}},
url = {http://www.aaai.org/ojs/index.php/aimagazine/article/viewArticle/1459},
volume = {20},
year = {1999}
}
@inproceedings{Nau1999,
author = {Nau, D. and Cao, Y. and Lotem, A. and Mu\~{n}oz-Avila, H.},
booktitle = {Proceedings of the 16th international joint conference on Artificial intelligence-Volume 2},
file = {:Users/Diogo/Documents/Disserta\c{c}\~{a}o/resumos/shop/shop.pdf:pdf},
pages = {968--973},
publisher = {Morgan Kaufmann Publishers Inc.},
title = {{SHOP: Simple hierarchical ordered planner}},
url = {http://portal.acm.org/citation.cfm?id=1624312.1624357},
year = {1999}
}
@article{Nau2003,
author = {Nau, Dana and Au, T.C. and Ilghami, O. and Kuter, U. and Murdock, J.W. and Wu, Dan and Yaman, F.},
file = {:Users/Diogo/Documents/Disserta\c{c}\~{a}o/resumos/shop2/shop2.pdf:pdf},
issn = {1076-9757},
journal = {Journal of Artificial Intelligence Research},
number = {1},
pages = {379--404},
publisher = {AI Access Foundation},
title = {{SHOP2: An HTN planning system}},
url = {http://scholar.google.com/scholar?hl=en\&btnG=Search\&q=intitle:SHOP2+:+An+HTN+Planning+System\#0},
volume = {20},
year = {2003}
}
@article{Porto,
author = {Porto, F\'{a}bio and Giraldi, Gilson A and Oliveira, Jauvane C De and Schulze, Bruno and Vieira, Vin\'{\i}cius F},
file = {:Users/Diogo/Documents/Disserta\c{c}\~{a}o/resumos/CoDIMS/CoDIMS.pdf:pdf},
journal = {Control},
pages = {1--10},
title = {{CoDIMS - A Middleware System to Support Visualization Applications in a Grid}}
}
@article{Portoa,
author = {Porto, Fabio and Silva, F V and Dutra, L and Schulze, Bruno},
file = {:Users/Diogo/Documents/Disserta\c{c}\~{a}o/resumos/CoDIMS-G/CoDIMS-G.pdf:pdf},
journal = {Science},
title = {{An adaptive distributed query processing grid service}}
}
@article{Simmhan2005,
author = {Simmhan, Yogesh L. and Plale, Beth and Gannon, Dennis},
doi = {10.1145/1084805.1084812},
file = {:Users/Diogo/Documents/Disserta\c{c}\~{a}o/resumos/dp-e-science/Provenance in e-science.pdf:pdf},
issn = {01635808},
journal = {ACM SIGMOD Record},
month = sep,
number = {3},
pages = {31},
title = {{A survey of data provenance in e-science}},
url = {http://portal.acm.org/citation.cfm?doid=1084805.1084812},
volume = {34},
year = {2005}
}
@article{Sharma2010,
author = {Sharma, Raksha and Soni, Vishnu Kant and Mishra, Manoj Kumar and Bhuyan, Prachet},
file = {:Users/Diogo/Documents/Disserta\c{c}\~{a}o/resumos/scheduling-grid/Escalonamento\_Recursos\_Grid\_Survey.pdf:pdf},
journal = {Engineering and Technology},
keywords = {grid},
pages = {461--466},
title = {{A Survey of Job Scheduling and Resource Management in Grid Computing}},
year = {2010}
}
@article{Porto2007,
author = {Porto, Fabio and Tajmouati, Othman and {Da Silva}, Vinicius F. V. and Schulze, Bruno and Ayres, Fausto V. M.},
doi = {10.1109/CCGRID.2007.89},
file = {:Users/Diogo/Documents/Disserta\c{c}\~{a}o/resumos/qef/QEF.pdf:pdf},
isbn = {0-7695-2833-3},
journal = {Seventh IEEE International Symposium on Cluster Computing and the Grid (CCGrid '07)},
month = may,
pages = {846--851},
publisher = {Ieee},
title = {{QEF - Supporting Complex Query Applications}},
url = {http://ieeexplore.ieee.org/lpdocs/epic03/wrapper.htm?arnumber=4215462},
year = {2007}
}
@article{Fikes1971,
author = {Fikes, Richard E. and Nilsson, Nils J.},
doi = {10.1016/0004-3702(71)90010-5},
file = {:Users/Diogo/Downloads/tn043r-fikes71.pdf:pdf},
issn = {00043702},
journal = {Artificial Intelligence},
keywords = {Planning,Problem Solving,STRIPS,Shakey,Theorem Proving},
month = jan,
number = {3-4},
pages = {189--208},
publisher = {Elsevier},
title = {{Strips: A new approach to the application of theorem proving to problem solving}},
url = {http://linkinghub.elsevier.com/retrieve/pii/0004370271900105},
volume = {2},
year = {1971}
}
@article{hawes,
month = {["lib/utils:month\verb1_1100" not defined]},
title = {Anytime deliberation for computer game agents},
school = {University of Birmingham},
author = {Nicholas Andrew Hawes},
year = {2004},
url = {http://etheses.bham.ac.uk/100/}
}
@article{Fox2003,
author = {Fox, Maria and Long, Derek},
file = {:Users/Diogo/Documents/Disserta\c{c}\~{a}o/resumos/draft/JAIR-2002.pdf:pdf},
journal = {Information Sciences},
keywords = {Copyright © 2003 AI Access, Changes and compilation copyright © The American Association for Artificial Intelligence. All rights reserved.},
pages = {61--124},
title = {{pddl2 . 1 : An Extension to pddl for Expressing Temporal Planning Domains}},
volume = {20},
year = {2003}
}
@article{Yang2009,
author = {Yang, Xiaoyu and Wang, Lizhe and Laszewski, Gregor},
doi = {10.1007/s10586-009-0104-0},
file = {:Users/Diogo/Documents/Disserta\c{c}\~{a}o/resumos/draft/fulltext.pdf:pdf},
issn = {1386-7857},
journal = {Cluster Computing},
keywords = {1 e-science overview,cloud computing,director general of the,e-science,grid computing,initially coined by john,s office of science,taylor,the,the term e-science was,united kingdom},
month = sep,
number = {4},
pages = {353--356},
title = {{Recent Research Advances in e-Science}},
url = {http://www.springerlink.com/index/10.1007/s10586-009-0104-0},
volume = {12},
year = {2009}
}
@article{DaSilva2006,
author = {{Da Silva}, Vinicius F. V.},
file = {:Users/Diogo/Documents/Disserta\c{c}\~{a}o/resumos/draft/0410861\_06\_pretextual.pdf:pdf},
title = {{QEEF-G: Execu\c{c}\~{a}ao Paralela Adaptativa de Consultas Iterativas}},
url = {http://www.maxwell.lambda.ele.puc-rio.br/cgi-bin/PRG\_0599.EXE/9824\_5.PDF?NrOcoSis=31118\&amp;CdLinPrg=pt},
year = {2006}
}
@article{Mcdermott1979,
author = {Mcdermott, Drew V and Fox, In and Fox, Maria and Long, Derek},
file = {:Users/Diogo/Documents/Disserta\c{c}\~{a}o/resumos/draft/pddl-proc-sem.pdf:pdf},
journal = {T And D},
number = {Robinson},
title = {{The Formal Semantics of Processes in PDDL The Semantics Problem for PDDL}},
year = {1979}
}
