@article{Weld1999,
author = {Weld, D.S.},
file = {:Users/Diogo/Documents/Disserta\c{c}\~{a}o/resumos/weld/weld.pdf:pdf},
issn = {0738-4602},
journal = {AI magazine},
number = {2},
pages = {93},
title = {{Recent advances in AI planning}},
url = {http://www.aaai.org/ojs/index.php/aimagazine/article/viewArticle/1459},
volume = {20},
year = {1999}
}

@inproceedings{Nau1999,
author = {Nau, D. and Cao, Y. and Lotem, A. and Mu\~{n}oz-Avila, H.},
booktitle = {Proceedings of the 16th international joint conference on Artificial intelligence-Volume 2},
file = {:Users/Diogo/Documents/Disserta\c{c}\~{a}o/resumos/shop/shop.pdf:pdf},
pages = {968--973},
publisher = {Morgan Kaufmann Publishers Inc.},
title = {{SHOP: Simple hierarchical ordered planner}},
url = {http://portal.acm.org/citation.cfm?id=1624312.1624357},
year = {1999}
}

@article{Nau2003,
author = {Nau, Dana and Au, T.C. and Ilghami, O. and Kuter, U. and Murdock, J.W. and Wu, Dan and Yaman, F.},
file = {:Users/Diogo/Documents/Disserta\c{c}\~{a}o/resumos/shop2/shop2.pdf:pdf},
issn = {1076-9757},
journal = {Journal of Artificial Intelligence Research},
number = {1},
pages = {379--404},
publisher = {AI Access Foundation},
title = {{SHOP2: An HTN planning system}},
url = {http://scholar.google.com/scholar?hl=en\&btnG=Search\&q=intitle:SHOP2+:+An+HTN+Planning+System\#0},
volume = {20},
year = {2003}
}

@article{Simmhan2005,
author = {Simmhan, Yogesh L. and Plale, Beth and Gannon, Dennis},
doi = {10.1145/1084805.1084812},
file = {:Users/Diogo/Documents/Disserta\c{c}\~{a}o/resumos/dp-e-science/Provenance in e-science.pdf:pdf},
issn = {01635808},
journal = {ACM SIGMOD Record},
month = sep,
number = {3},
pages = {31},
title = {{A survey of data provenance in e-science}},
url = {http://portal.acm.org/citation.cfm?doid=1084805.1084812},
volume = {34},
year = {2005}
}

@article{Sharma2010,
author = {Sharma, Raksha and Soni, Vishnu Kant and Mishra, Manoj Kumar and Bhuyan, Prachet},
file = {:Users/Diogo/Documents/Disserta\c{c}\~{a}o/resumos/scheduling-grid/Escalonamento\_Recursos\_Grid\_Survey.pdf:pdf},
journal = {Engineering and Technology},
keywords = {grid},
pages = {461--466},
title = {{A Survey of Job Scheduling and Resource Management in Grid Computing}},
year = {2010},
journal = {World Academy of Science, Engineering and Technology 64.}
}

@article{Porto2007,
author = {Porto, Fabio and Tajmouati, Othman and {Da Silva}, Vinicius F. V. and Schulze, Bruno and Ayres, Fausto V. M.},
doi = {10.1109/CCGRID.2007.89},
file = {:Users/Diogo/Documents/Disserta\c{c}\~{a}o/resumos/qef/QEF.pdf:pdf},
isbn = {0-7695-2833-3},
journal = {Seventh IEEE International Symposium on Cluster Computing and the Grid (CCGrid '07)},
month = may,
pages = {846--851},
publisher = {Ieee},
title = {{QEF - Supporting Complex Query Applications}},
url = {http://ieeexplore.ieee.org/lpdocs/epic03/wrapper.htm?arnumber=4215462},
year = {2007}
}

@article{Fikes1971,
author = {Fikes, Richard E. and Nilsson, Nils J.},
doi = {10.1016/0004-3702(71)90010-5},
file = {:Users/Diogo/Downloads/tn043r-fikes71.pdf:pdf},
issn = {00043702},
journal = {Artificial Intelligence},
keywords = {Planning,Problem Solving,STRIPS,Shakey,Theorem Proving},
month = jan,
number = {3-4},
pages = {189--208},
publisher = {Elsevier},
title = {{Strips: A new approach to the application of theorem proving to problem solving}},
url = {http://linkinghub.elsevier.com/retrieve/pii/0004370271900105},
volume = {2},
year = {1971}
}

@article{Fox2003,
author = {Fox, Maria and Long, Derek},
file = {:Users/Diogo/Documents/Disserta\c{c}\~{a}o/resumos/draft/JAIR-2002.pdf:pdf},
journal = {Information Sciences},
keywords = {Copyright © 2003 AI Access, Changes and compilation copyright © The American Association for Artificial Intelligence. All rights reserved.},
pages = {61--124},
title = {{pddl2 . 1 : An Extension to pddl for Expressing Temporal Planning Domains}},
volume = {20},
year = {2003}
}

@article{Yang2009,
author = {Yang, Xiaoyu and Wang, Lizhe and Laszewski, Gregor},
doi = {10.1007/s10586-009-0104-0},
file = {:Users/Diogo/Documents/Disserta\c{c}\~{a}o/resumos/draft/fulltext.pdf:pdf},
issn = {1386-7857},
journal = {Cluster Computing},
keywords = {1 e-science overview,cloud computing,director general of the,e-science,grid computing,initially coined by john,s office of science,taylor,the,the term e-science was,united kingdom},
month = sep,
number = {4},
pages = {353--356},
title = {{Recent Research Advances in e-Science}},
url = {http://www.springerlink.com/index/10.1007/s10586-009-0104-0},
volume = {12},
year = {2009}
}

@article{DaSilva2006,
author = {{Da Silva}, Vinicius F. V.},
file = {:Users/Diogo/Documents/Disserta\c{c}\~{a}o/resumos/draft/0410861\_06\_pretextual.pdf:pdf},
title = {{QEEF-G: Execu\c{c}\~{a}ao Paralela Adaptativa de Consultas Iterativas}},
url = {http://www.maxwell.lambda.ele.puc-rio.br/cgi-bin/PRG\_0599.EXE/9824\_5.PDF?NrOcoSis=31118\&amp;CdLinPrg=pt},
year = {2006}
}

@article{Mcdermott1979,
author = {Mcdermott, Drew V and Fox, In and Fox, Maria and Long, Derek},
file = {:Users/Diogo/Documents/Disserta\c{c}\~{a}o/resumos/draft/pddl-proc-sem.pdf:pdf},
journal = {T And D},
number = {Robinson},
title = {{The Formal Semantics of Processes in PDDL The Semantics Problem for PDDL}},
year = {1979}
}

@article{Hawes2003,
author = {Hawes, NA},
file = {:Users/Diogo/Documents/Mestrado/pesquisa/draft/anytime.pdf:pdf},
journal = {Design},
number = {November},
title = {{Anytime deliberation for computer game agents}},
url = {http://citeseerx.ist.psu.edu/viewdoc/download?doi=10.1.1.130.5352\&amp;rep=rep1\&amp;type=pdf},
year = {2003}
}

@article{Garg,
author = {Garg, S.K. and Buyya, Rajkumar},
file = {:Users/Diogo/Documents/Mestrado/pesquisa/draft/GreenGrid-ADCOM2009.pdf:pdf},
journal = {Citeseer},
publisher = {Citeseer},
title = {{Exploiting Heterogeneity in Grid Computing for Energy-Efficient Resource Allocation}},
url = {http://citeseerx.ist.psu.edu/viewdoc/download?doi=10.1.1.147.7416\&amp;rep=rep1\&amp;type=pdf}
}

#corrigido

@ARTICLE{Blum1995,
    author = {Avrim L. Blum and Merrick L. Furst},
    title = {Fast Planning Through Planning Graph Analysis},
    journal = {Artificial Intelligence},
    year = {1995},
    volume = {90},
    number = {1},
    pages = {1636--1642}
}

@article{Ilghami2006,
author = {Ilghami, Okhtay},
file = {:Users/Diogo/Documents/Mestrado/pesquisa/draft/JSHOP2.pdf:pdf},
journal = {Relat\'{o}rio t\'{e}cnico, Department of Computer Science, University of Maryland},
title = {{Documentation for JSHOP2}},
url = {http://nowis.googlecode.com/svn-history/r205/trunk/tddd48/lab3/JSHOP2.pdf},
volume = {51},
year = {2006}
}

@article{Kautz1992,
author = {Kautz, Henry},
file = {:Users/Diogo/Documents/Mestrado/pesquisa/draft/satplan.pdf:pdf},
journal = {Proceedings of the European Conference on},
number = {August 1992},
pages = {1--12},
title = {{Planning as satisfiability}},
url = {http://www.mendeley.com/research/planning-as-satisfiability/},
year = {1992}
}

@article{Weld1999,
author = {Weld, D.S.},
file = {:Users/Diogo/Documents/Disserta\c{c}\~{a}o/resumos/weld/weld.pdf:pdf},
issn = {0738-4602},
journal = {AI magazine},
number = {2},
pages = {93},
title = {{Recent advances in AI planning}},
url = {http://www.aaai.org/ojs/index.php/aimagazine/article/viewArticle/1459},
volume = {20},
year = {1999}
}

@inproceedings{Nau1999,
author = {Nau, D. and Cao, Y. and Lotem, A. and Mu\~{n}oz-Avila, H.},
booktitle = {Proceedings of the 16th international joint conference on Artificial intelligence-Volume 2},
file = {:Users/Diogo/Documents/Disserta\c{c}\~{a}o/resumos/shop/shop.pdf:pdf},
pages = {968--973},
publisher = {Morgan Kaufmann Publishers Inc.},
title = {{SHOP: Simple hierarchical ordered planner}},
url = {http://portal.acm.org/citation.cfm?id=1624312.1624357},
year = {1999}
}

@article{Nau2003,
author = {Nau, Dana and Au, T.C. and Ilghami, O. and Kuter, U. and Murdock, J.W. and Wu, Dan and Yaman, F.},
file = {:Users/Diogo/Documents/Disserta\c{c}\~{a}o/resumos/shop2/shop2.pdf:pdf},
issn = {1076-9757},
journal = {Journal of Artificial Intelligence Research},
number = {1},
pages = {379--404},
publisher = {AI Access Foundation},
title = {{SHOP2: An HTN planning system}},
url = {http://scholar.google.com/scholar?hl=en\&btnG=Search\&q=intitle:SHOP2+:+An+HTN+Planning+System\#0},
volume = {20},
year = {2003}
}

@article{Porto,
author = {Porto, F\'{a}bio and Giraldi, Gilson A and Oliveira, Jauvane C De and Schulze, Bruno and Vieira, Vin\'{\i}cius F},
file = {:Users/Diogo/Documents/Disserta\c{c}\~{a}o/resumos/CoDIMS/CoDIMS.pdf:pdf},
journal = {Control},
pages = {1--10},
title = {{CoDIMS - A Middleware System to Support Visualization Applications in a Grid}}
}

@article{Portoa,
author = {Porto, Fabio and Silva, F V and Dutra, L and Schulze, Bruno},
file = {:Users/Diogo/Documents/Disserta\c{c}\~{a}o/resumos/CoDIMS-G/CoDIMS-G.pdf:pdf},
journal = {Science},
title = {{An adaptive distributed query processing grid service}}
}

@article{Simmhan2005,
author = {Simmhan, Yogesh L. and Plale, Beth and Gannon, Dennis},
doi = {10.1145/1084805.1084812},
file = {:Users/Diogo/Documents/Disserta\c{c}\~{a}o/resumos/dp-e-science/Provenance in e-science.pdf:pdf},
issn = {01635808},
journal = {ACM SIGMOD Record},
month = sep,
number = {3},
pages = {31},
title = {{A survey of data provenance in e-science}},
url = {http://portal.acm.org/citation.cfm?doid=1084805.1084812},
volume = {34},
year = {2005}
}

@article{Sharma2010,
author = {Sharma, Raksha and Soni, Vishnu Kant and Mishra, Manoj Kumar and Bhuyan, Prachet},
file = {:Users/Diogo/Documents/Disserta\c{c}\~{a}o/resumos/scheduling-grid/Escalonamento\_Recursos\_Grid\_Survey.pdf:pdf},
journal = {Engineering and Technology},
keywords = {grid},
pages = {461--466},
title = {{A Survey of Job Scheduling and Resource Management in Grid Computing}},
year = {2010}
}

@article{Porto2007,
author = {Porto, Fabio and Tajmouati, Othman and {Da Silva}, Vinicius F. V. and Schulze, Bruno and Ayres, Fausto V. M.},
doi = {10.1109/CCGRID.2007.89},
file = {:Users/Diogo/Documents/Disserta\c{c}\~{a}o/resumos/qef/QEF.pdf:pdf},
isbn = {0-7695-2833-3},
journal = {Seventh IEEE International Symposium on Cluster Computing and the Grid (CCGrid '07)},
month = may,
pages = {846--851},
publisher = {Ieee},
title = {{QEF - Supporting Complex Query Applications}},
url = {http://ieeexplore.ieee.org/lpdocs/epic03/wrapper.htm?arnumber=4215462},
year = {2007}
}

@article{Fikes1971,
author = {Fikes, Richard E. and Nilsson, Nils J.},
doi = {10.1016/0004-3702(71)90010-5},
file = {:Users/Diogo/Downloads/tn043r-fikes71.pdf:pdf},
issn = {00043702},
journal = {Artificial Intelligence},
keywords = {Planning,Problem Solving,STRIPS,Shakey,Theorem Proving},
month = jan,
number = {3-4},
pages = {189--208},
publisher = {Elsevier},
title = {{Strips: A new approach to the application of theorem proving to problem solving}},
url = {http://linkinghub.elsevier.com/retrieve/pii/0004370271900105},
volume = {2},
year = {1971}
}

#corrigido

@article{Fox2003,
  author    = {Maria Fox and
               Derek Long},
  title     = {PDDL2.1: An Extension to PDDL for Expressing Temporal Planning
               Domains},
  journal   = {J. Artif. Intell. Res. (JAIR)},
  volume    = {20},
  year      = {2003},
  pages     = {61-124},
  ee        = {http://dx.doi.org/10.1613/jair.1129},
  bibsource = {DBLP, http://dblp.uni-trier.de}
}

@article{Yang2009,
author = {Yang, Xiaoyu and Wang, Lizhe and Laszewski, Gregor},
doi = {10.1007/s10586-009-0104-0},
file = {:Users/Diogo/Documents/Disserta\c{c}\~{a}o/resumos/draft/fulltext.pdf:pdf},
issn = {1386-7857},
journal = {Cluster Computing},
keywords = {1 e-science overview,cloud computing,director general of the,e-science,grid computing,initially coined by john,s office of science,taylor,the,the term e-science was,united kingdom},
month = sep,
number = {4},
pages = {353--356},
title = {{Recent Research Advances in e-Science}},
url = {http://www.springerlink.com/index/10.1007/s10586-009-0104-0},
volume = {12},
year = {2009}
}

@article{DaSilva2006,
author = {{Da Silva}, Vinicius F. V.},
file = {:Users/Diogo/Documents/Disserta\c{c}\~{a}o/resumos/draft/0410861\_06\_pretextual.pdf:pdf},
title = {{QEEF-G: Execu\c{c}\~{a}ao Paralela Adaptativa de Consultas Iterativas}},
url = {http://www.maxwell.lambda.ele.puc-rio.br/cgi-bin/PRG\_0599.EXE/9824\_5.PDF?NrOcoSis=31118\&amp;CdLinPrg=pt},
year = {2006}
}

@article{Mcdermott1979,
author = {Mcdermott, Drew V and Fox, In and Fox, Maria and Long, Derek},
file = {:Users/Diogo/Documents/Disserta\c{c}\~{a}o/resumos/draft/pddl-proc-sem.pdf:pdf},
journal = {T And D},
number = {Robinson},
title = {{The Formal Semantics of Processes in PDDL The Semantics Problem for PDDL}},
year = {1979}
}

@article{Hawes2003,
author = {Hawes, NA},
file = {:Users/Diogo/Documents/Mestrado/pesquisa/draft/anytime.pdf:pdf},
journal = {Design},
number = {November},
title = {{Anytime deliberation for computer game agents}},
url = {http://citeseerx.ist.psu.edu/viewdoc/download?doi=10.1.1.130.5352\&amp;rep=rep1\&amp;type=pdf},
year = {2003}
}

@article{Garg,
author = {Garg, S.K. and Buyya, Rajkumar},
file = {:Users/Diogo/Documents/Mestrado/pesquisa/draft/GreenGrid-ADCOM2009.pdf:pdf},
journal = {Citeseer},
publisher = {Citeseer},
title = {{Exploiting Heterogeneity in Grid Computing for Energy-Efficient Resource Allocation}},
url = {http://citeseerx.ist.psu.edu/viewdoc/download?doi=10.1.1.147.7416\&amp;rep=rep1\&amp;type=pdf}
}

@techreport{Blum1995,
author = {Blum, A.L.},
booktitle = {Artificial Intelligence},
doi = {10.1016/S0004-3702(96)00047-1},
file = {:Users/Diogo/Documents/Mestrado/pesquisa/draft/graphplan.pdf:pdf},
institution = {CARNEGIE-MELLON UNIV PITTSBURGH PA DEPT OF COMPUTER SCIENCE},
issn = {00043702},
keywords = {general purpose planning,graph algorithms,planning,strips planning},
month = feb,
number = {1-2},
pages = {281--300},
title = {{Fast Planning Through Planning Graph Analysis.}},
url = {http://oai.dtic.mil/oai/oai?verb=getRecord\&amp;metadataPrefix=html\&amp;identifier=ADA303260},
volume = {90},
year = {1995}
}

@article{Ilghami2006,
author = {Ilghami, Okhtay},
file = {:Users/Diogo/Documents/Mestrado/pesquisa/draft/JSHOP2.pdf:pdf},
journal = {Tech. rep, Department of Computer Science, University of Maryland},
title = {{Documentation for JSHOP2}},
url = {http://nowis.googlecode.com/svn-history/r205/trunk/tddd48/lab3/JSHOP2.pdf},
volume = {51},
year = {2006}
}

@article{Kautz1992,
author = {Kautz, Henry},
file = {:Users/Diogo/Documents/Mestrado/pesquisa/draft/satplan.pdf:pdf},
journal = {Proceedings of the European Conference on},
number = {August 1992},
pages = {1--12},
title = {{Planning as satisfiability}},
url = {http://www.mendeley.com/research/planning-as-satisfiability/},
year = {1992}
}

#corrigido

@article{Deelman2009,
title = "Workflows and e-Science: An overview of workflow system features and capabilities",
journal = "Future Generation Computer Systems",
volume = "25",
number = "5",
pages = "528 - 540",
year = "2009",
note = "",
issn = "0167-739X",
doi = "10.1016/j.future.2008.06.012",
url = "http://www.sciencedirect.com/science/article/pii/S0167739X08000861",
author = "Ewa Deelman and Dennis Gannon and Matthew Shields and Ian Taylor",
keywords = "Scientific workflow",
keywords = "Grid computing",
keywords = "Computation",
keywords = "Web services",
keywords = "Distributed computing",
keywords = "Distributed systems",
keywords = "Cyberinfrastructure",
keywords = "Automation of scientific processes",
keywords = "e-Science"
}s

@techreport{Dyck2009,
author = {Dyck, M. and Chamberlin, D. and Robie, J. and And, J. S.},
institution = {W3C},
title = {{XML Path Language (XPath) 2.1}},
note = {\url{{http://www.w3.org/TR/2009/WD-xpath-21-20091215/}}},
year = {2009}
}

@article{McPhillips2009,
author = {McPhillips, T. and Bowers, S. and Zinn, D. and Lud\"{a}scher, B.},
doi = {10.1016/j.future.2008.06.013},
file = {:home/larsis/Documentos/rubensm/papers-2011/sci-wf-design-mere-mortals.pdf:pdf},
issn = {0167739X},
journal = {Journal of Future Generation Computer Systems},
month = may,
number = {5},
pages = {541--551},
publisher = {Elsevier B.V.},
title = {{Scientific workflow design for mere mortals}},
note = {\url{{http://linkinghub.elsevier.com/retrieve/pii/S0167739X08000873}}},
volume = {25},
year = {2009}
}

@article{Keahey2007,
author = {Keahey, K. and Freeman, T. and Lauret, J. and Olson, D.},
doi = {10.1088/1742-6596/78/1/012038},
file = {:home/larsis/Documentos/rubensm/papers-2011/virtual-workspace-sci-app.pdf:pdf},
issn = {1742-6588},
journal = {Journal of Physics: Conference Series},
month = jul,
pages = {012038},
title = {{Virtual Workspaces for Scientific Applications}},
url = {http://stacks.iop.org/1742-6596/78/i=1/a=012038?key=crossref.8b77145221ddcaa068a016cfd0eca9a1},
volume = {78},
year = {2007}
}

@inproceedings{Guo2011,
author = {Guo, P. J. and Engler, D.},
booktitle = {Proceedings of the 2011 USENIX Annual Technical Conference},
file = {:home/larsis/Documentos/rubensm/papers-2011/cde-portable-software-pack.pdf:pdf},
organization = {Computer Science Department, Stanford University},
pages = {247--252},
publisher = {USENIX},
title = {{CDE: Using System Call Interposition to Automatically Create Portable Software Packages}},
url = {http://hci.stanford.edu/cstr/reports/2011-01.pdf},
year = {2011}
}

@techreport{evUDDI,
author = {Inc., The Stencil Group},
keywords = {UDDI ct1 evolution history uni},
title = {{The Evolution of UDDI}},
type = {whitepaper},
url = {http://www.uddi.org/pubs/the\_evolution\_of\_uddi\_20020719.pdf},
year = {2002}
}

@article{Leavitt2009,
author = {Leavitt, N.},
doi = {10.1109/MC.2009.20},
file = {:home/larsis/.local/share/data/Mendeley Ltd./Mendeley Desktop/Downloaded/Leavitt - 2009 - Is Cloud Computing Really Ready for Prime Time.pdf:pdf},
issn = {0018-9162},
journal = {Journal of Computer},
month = jan,
number = {1},
pages = {15--20},
title = {{Is Cloud Computing Really Ready for Prime Time?}},
url = {http://ieeexplore.ieee.org/lpdocs/epic03/wrapper.htm?arnumber=4755149},
volume = {42},
year = {2009}
}

@techreport{Robie2010,
author = {Robie, J. and Chamberlin, D. and Snelson, J. and Dyck, M.},
institution = {W3C},
title = {{XQuery 3.0: An XML Query Language}},
url = {http://www.w3.org/TR/xquery-30/},
year = {2010}
}
@techreport{Armbrust2009,
author = {Armbrust, M. and Fox, A. and Griffith, R. and Joseph, A. D. and Katz, R. H. and Konwinski, A. and Lee, G. and Patterson, D. A. and Rabkin, A. and Stoica, I. and Zaharia, M.},
booktitle = {EECS Department, University of California, Berkeley, Tech. Rep. UCB/EECS-2009-28},
file = {:home/larsis/Documentos/rubensm/papers-2011/EECS-2009-28.pdf:pdf},
institution = {EECS Department, University of California, Berkeley},
publisher = {Citeseer},
title = {{Above the Clouds: A Berkeley View of Cloud Computing}},
url = {http://citeseerx.ist.psu.edu/viewdoc/download?doi=10.1.1.149.7163\&amp;rep=rep1\&amp;type=pdf},
year = {2009}
}

@article{Davidson2007,
author = {Davidson, S. and Boulakia, S.C. and Eyal, A. and Ludscher, B. and McPhillips, T.M. and Bowers, S. and Anand, M.K. and Freire, J.},
file = {:home/larsis/.local/share/data/Mendeley Ltd./Mendeley Desktop/Downloaded/Davidson et al. - Unknown - Provenance in Scientific Workflow Systems.pdf:pdf},
journal = {Journal of IEEE Data Engineering Bulletin},
number = {4},
pages = {44--50},
publisher = {Citeseer},
title = {{Provenance in scientific workflow systems}},
url = {http://citeseerx.ist.psu.edu/viewdoc/download?doi=10.1.1.99.5191\&amp;rep=rep1\&amp;type=pdf},
volume = {30},
year = {2007}
}

@article{Keahey2007a,
author = {Keahey, K. and Freeman, T. and Lauret, J. and Olson, D.},
doi = {10.1088/1742-6596/78/1/012038},
file = {:home/larsis/Documentos/rubensm/papers-2011/SciDAC\_STAR\_POC.pdf:pdf},
issn = {1742-6588},
journal = {Journal of Physics: Conference Series},
month = jul,
pages = {012038},
publisher = {IOP Publishing},
title = {{Virtual Workspaces for Scientific Applications}},
url = {http://stacks.iop.org/1742-6596/78/i=1/a=012038?key=crossref.8b77145221ddcaa068a016cfd0eca9a1},
volume = {78},
year = {2007}
}

@book{schwartz98,
author = {Schwartz, R. L. and Olson, E. and Christiansen, T.},
keywords = {cgi windows perl uni programming win32},
publisher = {O`Reilly},
title = {{Einf\"{u}hrung in Perl f\"{u}r Win32-Systeme}},
year = {1998}
}

@techreport{Mitra:07:SVP,
annote = {http://www.w3.org/TR/2007/REC-soap12-part0-20070427/},
author = {Mitra, N. and Lafon, Y.},
institution = {W3C},
title = {{\{SOAP\} Version \{1.2\} Part 0: Primer (Second Edition)}},
year = {2007}
}

@misc{Juve2010,
author = {Juve, G. and Deelman, E.},
booktitle = {Magazine Crossroads},
doi = {10.1145/1734160.1734166},
file = {:home/larsis/.local/share/data/Mendeley Ltd./Mendeley Desktop/Downloaded/Juve, Deelman - 2010 - Scientific workflows and clouds.pdf:pdf},
issn = {15284972},
month = mar,
number = {3},
pages = {14--18},
title = {{Scientific Workflows and Clouds}},
url = {http://portal.acm.org/citation.cfm?doid=1734160.1734166},
volume = {16},
year = {2010}
}

@article{Oinn2006,
author = {Oinn, T. and Greenwood, M. and Addis, M. and Alpdemir, M. N. and Ferris, J. and Glover, K. and Goble, C. and Goderis, A. and Hull, D. and Marvin, D. and Li, P. and Lord, P. and Pocock, M. R. and Senger, M. and Stevens, R. and Wipat, A. and Wroe, C.},
doi = {10.1002/cpe.993},
file = {:home/larsis/.local/share/data/Mendeley Ltd./Mendeley Desktop/Downloaded/Oinn et al. - 2006 - Taverna lessons in creating a workflow environment for the life sciences.pdf:pdf},
issn = {1532-0626},
journal = {Journal of Concurrency and Computation: Practice and Experience},
keywords = {correspondence to,life sciences,manchester,mark greenwood,oxford road,school of computer science,scientific workflow,semantic grid environment,university of manchester,web services},
month = aug,
number = {10},
pages = {1067--1100},
title = {{Taverna: lessons in creating a workflow environment for the life sciences}},
url = {http://doi.wiley.com/10.1002/cpe.993},
volume = {18},
year = {2006}
}

@inproceedings{Altintas2004,
author = {Altintas, I. and Berkley, C. and Jaeger, E. and Jones, M. and Ludascher, B. and Mock, S.},
booktitle = {Proceedings of the 16th International Conference on Scientific and Statistical Database Management},
doi = {10.1109/SSDM.2004.1311241},
file = {:home/larsis/.local/share/data/Mendeley Ltd./Mendeley Desktop/Downloaded/Altintas et al. - 2004 - Kepler an extensible system for design and execution of scientific workflows.pdf:pdf},
isbn = {0-7695-2146-0},
pages = {423--424},
publisher = {IEEE Computer Society},
title = {{Kepler: an Extensible System for Design and Execution of Scientific Workflows}},
url = {http://ieeexplore.ieee.org/lpdocs/epic03/wrapper.htm?arnumber=1311241},
year = {2004}
}

@article{Belhajjame2008,
author = {Belhajjame, K. and Wolstencroft, K. and Corcho, O. and Oinn, T. and Tanoh, F. and William, A. and Goble, C.},
doi = {10.1109/CCGRID.2008.17},
file = {:home/larsis/.local/share/data/Mendeley Ltd./Mendeley Desktop/Downloaded/Belhajjame et al. - 2008 - Metadata Management in the Taverna Workflow System.pdf:pdf},
journal = {Journal of 8th IEEE International Symposium on Cluster Computing and the Grid},
month = may,
pages = {651--656},
publisher = {Ieee},
title = {{Metadata Management in the Taverna Workflow System}},
url = {http://ieeexplore.ieee.org/lpdocs/epic03/wrapper.htm?arnumber=4534278},
volume = {0},
year = {2008}
}

@book{wall2001,
author = {Christiansen, T. and Orwant, J. and Wall, L.},
isbn = {3-89721-144-0},
keywords = {cgi perl uni programming},
publisher = {O`Reilly},
title = {{Programmieren mit Perl}},
year = {2001}
}

@inproceedings{Raicu2008,
author = {Raicu, I. and Foster, I. T. and Zhao, Y.},
booktitle = {Proceedings of Worfkshop on Many-Task Computing on Grids and Supercomputers},
doi = {10.1109/MTAGS.2008.4777912},
file = {:home/larsis/Documentos/rubensm/papers-2011/10.1.1.160.9183.pdf:pdf},
isbn = {978-1-4244-2872-4},
keywords = {many-task,throughput computing},
month = nov,
pages = {1--11},
publisher = {IEEE Computer Society},
title = {{Many-task Computing for Grids and Supercomputers}},
url = {http://ieeexplore.ieee.org/xpls/abs\_all.jsp?arnumber=4777912},
year = {2008}
}

@article{Hull2006,
abstract = {Taverna is an application that eases the use and integration of the growing number of molecular biology tools and databases available on the web, especially web services. It allows bioinformaticians to construct workflows or pipelines of services to perform a range of different analyses, such as sequence analysis and genome annotation. These high-level workflows can integrate many different resources into a single analysis. Taverna is available freely under the terms of the GNU Lesser General Public License (LGPL) from http://taverna.sourceforge.net/.},
author = {Hull, D. and Wolstencroft, K. and Stevens, R. and Goble, C. and Pocock, M. R. and Li, P. and Oinn, T.},
doi = {10.1093/nar/gkl320},
file = {:home/larsis/.local/share/data/Mendeley Ltd./Mendeley Desktop/Downloaded/Hull et al. - 2006 - Taverna a tool for building and running workflows of services..pdf:pdf},
issn = {1362-4962},
journal = {Journal of Nucleic Acids Research},
keywords = {Computational Biology,Databases,Genetic,Genomics,Internet,Sequence Analysis,Software,Systems Integration,User-Computer Interface},
month = jul,
number = {Web Server issue},
pages = {729--732},
pmid = {16845108},
title = {{Taverna: a tool for building and running workflows of services.}},
url = {http://www.pubmedcentral.nih.gov/articlerender.fcgi?artid=1538887\&tool=pmcentrez\&rendertype=abstract},
volume = {34},
year = {2006}
}

@misc{TheMendeleySupportTeam2011,
abstract = {A quick introduction to Mendeley. Learn how Mendeley creates your personal digital library, how to organize and annotate documents, how to collaborate and share with colleagues, and how to generate citations and bibliographies.},
address = {London},
author = {{The Mendeley Support Team}},
booktitle = {Mendeley Desktop},
file = {:home/larsis/.local/share/data/Mendeley Ltd./Mendeley Desktop/Downloaded/The Mendeley Support Team - 2011 - Getting Started with Mendeley(2).pdf:pdf},
keywords = {Mendeley,how-to,user manual},
pages = {1--16},
publisher = {Mendeley Ltd.},
title = {{Getting Started with Mendeley}},
url = {http://www.mendeley.com},
year = {2011}
}

@article{Foster2003a,
annote = {OGSA},
author = {Foster, I. and Kesselman, C. and Nick, J.M. and Tuecke, S.},
doi = {10.1002/0470867167.ch8},
file = {:home/larsis/Documentos/rubensm/papers-2011/ogsa.pdf:pdf},
journal = {Open Grid Service Infrastructure WG - Global Grid Forum,},
publisher = {Wiley Online Library},
series = {Global Grid Forum},
title = {{The Physiology of the Grid: An Open Grid Services Architecture for Distributed Systems Integration}},
url = {http://onlinelibrary.wiley.com/doi/10.1002/0470867167.ch8/summary},
year = {2002}
}

@inproceedings{Hazelhurst2008,
address = {New York, NY, USA},
author = {Hazelhurst, S.},
booktitle = {Proceedings of the 2008 annual research conference of the South African Institute of Computer Scientists and Information Technologists on IT research in developing countries riding the wave of technology (SAICSIT '08)},
doi = {10.1145/1456659.1456671},
file = {:home/larsis/Documentos/rubensm/papers-2011/p94-hazelhurst.pdf:pdf},
isbn = {9781605582863},
keywords = {a small dedicated cluster,afford-,ama-,clusters,high-performance computing,this system is often,virtualisation,zon elastic computing cloud},
pages = {94--103},
publisher = {ACM Press},
title = {{Scientific Computing Using Virtual High-Performance Computing}},
url = {http://portal.acm.org/citation.cfm?doid=1456659.1456671},
year = {2008}
}

@inbook{Deelman2004,
author = {Deelman, E. and Blythe, J. and Gil, Y. and Kesselman, C. and Mehta, G. and Patil, S. and Su, M. H. and Vahi, K. and Livny, M.},
booktitle = {Grid Computing},
editor = {Dikaiakos, M.},
file = {:home/larsis/.local/share/data/Mendeley Ltd./Mendeley Desktop/Downloaded/Deelman et al. - 2004 - Pegasus Mapping Scientific Workflows onto the Grid.pdf:pdf},
pages = {131--140},
publisher = {Springer Berlin / Heidelberg},
title = {{Pegasus: Mapping Scientific Workflows onto the Grid}},
url = {http://www.springerlink.com/index/95rj5e2fgqqpkaha.pdf},
volume = {0086044},
year = {2004}
}

@article{Majithia2004,
author = {Majithia, S. and Shields, M. and Taylor, I. and Wang, I.},
doi = {10.1109/ICWS.2004.1314777},
file = {:home/larsis/.local/share/data/Mendeley Ltd./Mendeley Desktop/Downloaded/Majithia et al. - 2004 - Triana a graphical Web service composition and execution toolkit.pdf:pdf},
isbn = {0-7695-2167-3},
journal = {Journal of IEEE International Conference on Web Services},
pages = {514--521},
publisher = {IEEE Computer Society},
title = {{Triana: a graphical Web service composition and execution toolkit}},
url = {http://ieeexplore.ieee.org/lpdocs/epic03/wrapper.htm?arnumber=1314777},
year = {2004}
}

@article{Gil2007a,
author = {Gil, Y. and Deelman, E. and Ellisman, M. and Fahringer, T. and Fox, G. and Gannon, D. and Goble, C. and Livny, M. and Moreau, L. and Myers, J.},
doi = {10.1109/MC.2007.421},
file = {:home/larsis/.local/share/data/Mendeley Ltd./Mendeley Desktop/Downloaded/Gil et al. - 2007 - Examining the Challenges of Scientific Workflows(2).pdf:pdf},
issn = {0018-9162},
journal = {Journal of Computer},
month = dec,
number = {12},
pages = {24--32},
title = {{Examining the Challenges of Scientific Workflows}},
url = {http://ieeexplore.ieee.org/lpdocs/epic03/wrapper.htm?arnumber=4404805},
volume = {40},
year = {2007}
}

@inproceedings{Wang2008,
author = {Wang, L. and Tao, J. and Kunze, M. and Castellanos, A. C. and Kramer, D. and Karl, W.},
booktitle = {Proceedings of the 10th IEEE International Conference on High Performance Computing and Communications (HPCC '08)},
doi = {10.1109/HPCC.2008.38},
file = {:home/larsis/.local/share/data/Mendeley Ltd./Mendeley Desktop/Downloaded/Wang et al. - 2008 - Scientific Cloud Computing Early Definition and Experience.pdf:pdf},
isbn = {978-0-7695-3352-0},
month = sep,
pages = {825--830},
publisher = {IEEE Computer Society},
title = {{Scientific Cloud Computing: Early Definition and Experience}},
url = {http://ieeexplore.ieee.org/lpdocs/epic03/wrapper.htm?arnumber=4637787},
year = {2008}
}

@book{Altintas2006,
author = {Altintas, I. and Barney, O. and Jaeger, E.},
booktitle = {Provenance and Annotation of Data},
doi = {10.1007/11890850\_14},
file = {:home/larsis/.local/share/data/Mendeley Ltd./Mendeley Desktop/Downloaded/Altintas, Barney, Jaeger-frank - Unknown - Provenance Collection Support in the Kepler Scientific Workflow System.pdf:pdf},
pages = {118--132},
publisher = {Springer Berlin / Heidelberg},
title = {{Provenance Collection Support in the Kepler Scientific Workflow System}},
url = {http://www.springerlink.com/index/A717N1Q5714747XN.pdf},
year = {2006}
}

@inproceedings{sure05swrc,
author = {Sure, Y. and Bloehdorn, S. and Haase, P. and Hartmann, J. and Oberle, D.},
booktitle = {Progress in Artificial Intelligence --- Proceedings of the 12th Portuguese Conference on Artificial Intelligence (EPIA 2005), December 5-8, 2005, Covilh\~{a}, Portugal},
editor = {Bento, Carlos and Cardoso, Amilcar and Dias, Gael},
keywords = {performance performance-project swrc uni},
pages = {218--231},
publisher = {Springer, Berlin--Heidelberg, Germany},
series = {Lecture Notes in Computer Science},
title = {{The \{SWRC\} Ontology - \{S\}emantic \{W\}eb for Research Communities}},
url = {http://www.aifb.uni-karlsruhe.de/WBS/ysu/publications/2005\_swrc\_baosw.pdf},
volume = {3803},
year = {2005}
}

@inproceedings{1114857,
address = {Washington, DC, USA},
author = {Harth, A. and Decker, S.},
booktitle = {LA-WEB '05: Proceedings of the Third Latin American Web Congress},
doi = {http://dx.doi.org/10.1109/LAWEB.2005.25},
isbn = {0-7695-2471-0},
keywords = {YARS kde n3 performance performance-project rdf ss},
pages = {71},
publisher = {IEEE Computer Society},
title = {{Optimized Index Structures for Querying RDF from the Web}},
url = {http://portal.acm.org/citation.cfm?id=1114687.1114857\&coll=\&dl=acm\&CFID=15151515\&CFTOKEN=6184618\#},
year = {2005}
}

@techreport{Moreau:07:SVP,
annote = {http://www.w3.org/TR/2007/REC-soap12-part2-20070427/},
author = {Moreau, J. and Gudgin, M. and Hadley, M. and Mendelsohn, N. and Lafon, Y. and Karmarkar, A. and Nielsen, H. F.},
institution = {W3C},
title = {{\{SOAP\} Version \{1.2\} Part 2: Adjuncts (Second Edition)}},
type = {\{W3C\} Recommendation},
year = {2007}
}

@misc{UDDITechnical2000,
author = {white Paper, UDDI.org},
booktitle = {web},
file = {:home/larsis/Documentos/rubensm/papers-2011/UDDI\_Technical\_White\_Paper.pdf:pdf},
pages = {www.uddi.org/pubs/Iru\_UDDI\_Technical\_White\_Paper.p},
title = {{UDDI technical white paper}},
note = {\url{www.uddi.org/pubs/Iru\_UDDI\_Technical\_White\_Paper.pdf}},
year = {2000}
}

@techreport{Gudgin:07:SVP,
annote = {http://www.w3.org/TR/2007/REC-soap12-part1-20070427/},
author = {Gudgin, M. and Hadley, M. and Mendelsohn, N. and Lafon, Y. and Moreau, J. and Karmarkar, A. and Nielsen, H. F.},
institution = {W3C},
title = {{\{SOAP\} Version \{1.2\} Part 1: Messaging Framework (Second Edition)}},
type = {\{W3C\} Recommendation},
year = {2007}
}

@inproceedings{Vecchiola2009,
author = {Vecchiola, C. and Pandey, S. and Buyya, R.},
booktitle = {Proceedings of the 10th International Symposium on Pervasive Systems, Algorithms, and Networks (ISPAN '10)},
doi = {10.1109/I-SPAN.2009.150},
file = {:home/larsis/.local/share/data/Mendeley Ltd./Mendeley Desktop/Downloaded/Vecchiola, Pandey, Buyya - 2009 - High-Performance Cloud Computing A View of Scientific Applications.pdf:pdf},
isbn = {978-1-4244-5403-7},
keywords = {cloud computing,computational science,high-performance computing,scientific computing},
month = dec,
pages = {4--16},
publisher = {IEEE Computer Society},
title = {{High-Performance Cloud Computing: A View of Scientific Applications}},
url = {http://ieeexplore.ieee.org/lpdocs/epic03/wrapper.htm?arnumber=5381983},
year = {2009}
}

@inproceedings{Bradshaw2007,
address = {Madison, WI},
author = {Bradshaw, R. and Desai, N. and Freeman, T. and Keahey, K.},
booktitle = {Proceedings of the TeraGrid Conference (TeraGrid '07)},
file = {:home/larsis/Documentos/rubensm/papers-2011/Scalable\_Approach\_To\_Deploying\_And\_Managing\_Appliances.pdf:pdf},
pages = {1--6},
title = {{A Scalable Approach to Deploying and Managing Appliances}},
url = {http://citeseerx.ist.psu.edu/viewdoc/download?doi=10.1.1.106.9816\&amp;rep=rep1\&amp;type=pdf},
year = {2007}
}

@misc{Eucalyptus2011,
author = {Eucalyptus},
title = {{Eucalyptus Network Configuration (2.0)}},
note = {\url{http://open.eucalyptus.com/wiki/EucalyptusNetworkConfiguration\_v2.0}},
year = {2011}
}

@book{Selvarani2010,
address = {Selvarani2010},
author = {Selvarani, S. and Sadhasivam, G. S.},
booktitle = {2010 IEEE International Conference on Computational Intelligence and Computing Research},
doi = {10.1109/ICCIC.2010.5705847},
file = {:home/larsis/Documentos/rubensm/papers-2011/prop-schel1.pdf:pdf},
isbn = {978-1-4244-5965-0},
keywords = {cloud computing,scheduling,virtualization},
month = dec,
pages = {1--5},
publisher = {IEEE},
title = {{Improved cost-based algorithm for task scheduling in cloud computing}},
url = {http://ieeexplore.ieee.org/lpdocs/epic03/wrapper.htm?arnumber=5705847},
year = {2010}
}

@techreport{uddiSpecV3,
editor = {Clement, Luc and Hately, Andrew and von Riegen, Claus and Rogers, Tony},
keywords = {3.0.2 UDDI ct1 oasis specification uni version},
publisher = {OASIS},
title = {{UDDI Spec Technical Committee Draft 3.0.2}},
type = {OASIS Committee Draft},
url = {http://uddi.org/pubs/uddi\_v3.htm},
year = {2004}
}

# corrigido

@inproceedings{DeOliveira2010,
  author    = {Daniel de Oliveira and
               Eduardo S. Ogasawara and
               Fernanda Araujo Bai{\~a}o and
               Marta Mattoso},
  title     = {SciCumulus: A Lightweight Cloud Middleware to Explore Many
               Task Computing Paradigm in Scientific Workflows},
  booktitle = {IEEE CLOUD},
  year      = {2010},
  pages     = {378-385},
  ee        = {http://doi.ieeecomputersociety.org/10.1109/CLOUD.2010.64},
  bibsource = {DBLP, http://dblp.uni-trier.de}
}

@inbook{Bavoil2005,
author = {Bavoil, L. and Callahan, S.P. and Crossno, P.J. and Freire, J. and Scheidegger, C.E. and Silva, C.T. and Vo, H.T.},
booktitle = {Proceedings of IEEE Visualization},
doi = {10.1109/VISUAL.2005.1532788},
file = {:home/larsis/.local/share/data/Mendeley Ltd./Mendeley Desktop/Downloaded/Bavoil et al. - Unknown - VisTrails Enabling Interactive Multiple-View Visualizations.pdf:pdf},
isbn = {0-7803-9462-3},
keywords = {caching,coordi-,dataflow,interrogative visualization},
pages = {135--142},
publisher = {IEEE Computer Society},
title = {{VisTrails: Enabling Interactive Multiple-View Visualizations}},
url = {http://ieeexplore.ieee.org/lpdocs/epic03/wrapper.htm?arnumber=1532788},
year = {2005}
}

@article{Yu2005,
author = {Yu, J. and Buyya, R.},
doi = {10.1145/1084805.1084814},
file = {:home/larsis/Documentos/rubensm/papers-2011/wf-taxonomy-grid.pdf:pdf},
issn = {01635808},
journal = {Journal of ACM SIGMOD Record},
keywords = {grid computing,scientific workflows,taxonomy},
month = sep,
number = {3},
pages = {44--49},
publisher = {ACM},
title = {{A Taxonomy of Scientific Workflow Systems for Grid Computing}},
url = {http://portal.acm.org/citation.cfm?doid=1084805.1084814},
volume = {34},
year = {2005}
}


@techreport{Voelkel:2005:semweb4j,
author = {V\"{o}lkel, M.},
institution = {DERI Galway},
keywords = {kde performance performance-project rdf rdf2go ss0},
title = {{Writing the Semantic Web with Java}},
url = {$\backslash$url\{http://www.xam.de/2005/12\_voelkel\_semweb4j\_DERISem05.pdf\}},
year = {2005}
}

@article{Keahey2005a,
author = {Keahey, K. and Foster, I. and Freeman, T. and Zhang, X.},
file = {:home/larsis/.local/share/data/Mendeley Ltd./Mendeley Desktop/Downloaded/Keahey et al. - 2005 - Virtual workspaces Achieving quality of service and quality of life in the grid.pdf:pdf},
issn = {1058-9244},
journal = {Journal of Scientific Programming},
number = {4},
pages = {265--275},
publisher = {IOS Press},
title = {{Virtual Workspaces: Achieving Quality of Service and Quality of Life in the Grid}},
url = {http://portal.acm.org/citation.cfm?id=1239657},
volume = {13},
year = {2005}
}

@article{Desai2003,
author = {Desai, N. and Lusk, A. and Bradshaw, R. and Evard, R.},
doi = {10.1109/CLUSTR.2003.1253358},
file = {:home/larsis/.local/share/data/Mendeley Ltd./Mendeley Desktop/Downloaded/Desai et al. - 2003 - BCFG a configuration management tool for heterogeneous environments.pdf:pdf},
isbn = {0-7695-2066-9},
journal = {Journal of International Conference on Cluster Computing},
pages = {500--503},
publisher = {IEEE Computer Society},
title = {{BCFG: a Configuration Management Tool for Heterogeneous Environments}},
url = {http://ieeexplore.ieee.org/lpdocs/epic03/wrapper.htm?arnumber=1253358},
year = {2003}
}

@book{Chen2009,
author = {Chen, Yang and Wo, Tianyu and Li, Jianxin},
booktitle = {2009 IEEE International Conference on Cloud Computing},
doi = {10.1109/CLOUD.2009.64},
file = {:home/larsis/.local/share/data/Mendeley Ltd./Mendeley Desktop/Downloaded/Chen, Wo, Li - 2009 - An Efficient Resource Management System for On-Line Virtual Cluster Provision.pdf:pdf},
isbn = {978-1-4244-5199-9},
keywords = {cloud computing,mapping,resource,virtual cluster,vm image management},
month = sep,
pages = {72--79},
publisher = {IEEE},
title = {{An Efficient Resource Management System for On-Line Virtual Cluster Provision}},
url = {http://ieeexplore.ieee.org/lpdocs/epic03/wrapper.htm?arnumber=5284146},
year = {2009}
}

@techreport{Haas:04:WSG,
annote = {http://www.w3.org/TR/2004/NOTE-ws-gloss-20040211/},
author = {Haas, H. and Brown, A.},
institution = {W3C},
title = {{Web Services Glossary}},
type = {\{W3C\} Note},
year = {2004}
}

@inproceedings{Dornemann2010,
author = {D\"{o}rnemann, T. and Juhnke, E. and Noll, T. and Seiler, D. and Freisleben, B.},
booktitle = {Proceedings of 3rd International Conference on Cloud Computing},
doi = {10.1109/CLOUD.2010.40},
file = {:home/larsis/Documentos/rubensm/papers-2011/data-flow-schel-bpel-wf-clouds.pdf:pdf},
isbn = {978-1-4244-8207-8},
month = jul,
pages = {196--203},
publisher = {IEEE Computer Society},
title = {{Data Flow Driven Scheduling of BPEL Workflows Using Cloud Resources}},
url = {http://www.computer.org/portal/web/csdl/doi/10.1109/CLOUD.2010.40},
year = {2010}
}

@article{Foster2001a,
annote = {Our objectives are to (1) clarify the nature of VOs and Grid computing for those unfamiliar with the area; (2) contribute to the emergence of Grid computing as a discipline by establishing a standard vocabulary and defining an overall architectural framework; and (3) define clearly how Grid technologies relate to other technologies},
author = {Foster, I and Kesselman, C and Tuecke, S.},
doi = {10.1177/109434200101500302},
file = {:home/larsis/Documentos/rubensm/papers-2011/anatomy-grid.pdf:pdf},
issn = {1094-3420},
journal = {International Journal of High Performance Computing Applications},
month = aug,
number = {3},
pages = {200--222},
title = {{The Anatomy of the Grid: Enabling Scalable Virtual Organizations}},
url = {http://hpc.sagepub.com/cgi/doi/10.1177/109434200101500302},
volume = {15},
year = {2001}
}

@inproceedings{Xu2009a,
author = {Xu, M. and Cui, L. and Wang, H. and Bi, Y. and Bian, J.},
booktitle = {Proceedings of 4th ChinaGrid Annual Conference},
doi = {10.1109/ChinaGrid.2009.30},
file = {:home/larsis/Documentos/rubensm/papers-2011/data-intens-wf-schel-alg.pdf:pdf},
isbn = {978-0-7695-3818-1},
keywords = {-data-intensive},
month = aug,
pages = {110--115},
publisher = {IEEE Computer Society},
title = {{A Data-Intensive Workflow Scheduling Algorithm for Grid Computing}},
url = {http://ieeexplore.ieee.org/lpdocs/epic03/wrapper.htm?arnumber=5328209},
year = {2009}
}

@inbook{Keahey2005,
author = {Keahey, K. and Foster, I. and Freeman, T. and Zhang, X. and Galron, D.},
booktitle = {Euro-Par 2005 Parallel Processing},
doi = {10.1007/11549468\_49},
file = {:home/larsis/Documentos/rubensm/papers-2011/virtual-workspace-grid.pdf:pdf},
pages = {627--627},
publisher = {Springer Berlin / Heidelberg},
title = {{Virtual Workspaces in the Grid}},
url = {http://www.springerlink.com/index/abnkdanxcjpgyqph.pdf},
year = {2005}
}

@inbook{collab-wm,
author = {Schmitz, C. and Hotho, A. and J\~{A}¤schke, R. and Stumme, G.},
booktitle = {Semantic Web - Wege zur vernetzten Wissensgesellschaft},
editor = {Pellegrini, Tassilo and Blumauer, Andreas},
isbn = {3-540-29324-8},
keywords = {diplom2 folksonomy testfile uni wissen wissensmana},
pages = {273--290},
publisher = {Springer},
title = {{Kollaboratives Wissensmanagement}},
url = {http://www.kde.cs.uni-kassel.de/stumme/papers/2006/hotho2006kollaboratives.pdf},
year = {2006}
}

@article{Smith2005,
author = {Smith, J.E.},
doi = {10.1109/MC.2005.173},
file = {:home/larsis/Documentos/rubensm/papers-2011/virtual\_machine.pdf:pdf},
issn = {0018-9162},
journal = {Journal of Computer},
month = may,
number = {5},
pages = {32--38},
title = {{The architecture of virtual machines}},
url = {http://ieeexplore.ieee.org/lpdocs/epic03/wrapper.htm?arnumber=1430629},
volume = {38},
year = {2005}
}

@inproceedings{Shams2010,
author = {Shams, K. S. and Powell, M. W. and Crockett, T. M. and Norris, J. S. and Rossi, R. and Soderstrom, T.},
booktitle = {Proceedings of 10th IEEE/ACM International Conference on Cluster, Cloud and Grid Computing},
doi = {10.1109/CCGRID.2010.117},
file = {:home/larsis/Documentos/rubensm/papers-2011/polyphone\_cloud.pdf:pdf},
isbn = {978-1-4244-6987-1},
pages = {606--611},
publisher = {IEEE Computer Society},
title = {{Polyphony: A Workflow Orchestration Framework for Cloud Computing}},
url = {http://ieeexplore.ieee.org/lpdocs/epic03/wrapper.htm?arnumber=5493418},
year = {2010}
}

@article{Deelman2009a,
author = {Deelman, E.},
doi = {10.1177/1094342009356432},
file = {:home/larsis/Documentos/rubensm/papers-2011/Deelman-GridAndClouds.pdf:pdf},
issn = {1094-3420},
journal = {International Journal of High Performance Computing Applications},
keywords = {applications,cloud com-,grid computing,heterogeneous distributed environ-,puting,scientific workflows},
month = dec,
number = {3},
pages = {284--298},
title = {{Grids and Clouds: Making Workflow Applications Work in Heterogeneous Distributed Environments}},
url = {http://hpc.sagepub.com/cgi/doi/10.1177/1094342009356432},
volume = {24},
year = {2009}
}

@book{ford2006,
author = {Ford, J. L.},
isbn = {1-598-63222-1},
keywords = {cgi perl uni programming},
publisher = {Thomson Course Technology},
title = {{Perl programming for the absolute beginner}},
year = {2006}
}

@phdthesis{Mello2010,
author = {Mello, T. C.},
file = {:home/larsis/Documentos/rubensm/papers-2011/dissertacao.pdf:pdf},
school = {Instituto Militar de Engenharia},
title = {{AMBIENTE PARA CRIACAO DE CLUSTERS VIRTUAIS EM GRIDS COMPUTACIONAIS}},
type = {Master},
year = {2010}
}

@inproceedings{Zheng2011,
annote = {Aloca\c{c}\~{a}o de recursos baseado em algoritmos geneticos. Esse trabalho simula o ganho de "desempenho" ao inserir N recursos da Nuvem para processar uma determinada tarefa. Se o ganho for aceit\'{a}vel, mais recursos s\~{a}o alocados na Cloud.},
author = {Zheng, Z. and Wang, R. and Zhong, H. and Zhang, X.},
booktitle = {Proceedings of 3rd International Conference on Computer Research and Development},
doi = {10.1109/ICCRD.2011.5764170},
file = {:home/larsis/Documentos/rubensm/papers-2011/prop-schel2.pdf:pdf},
isbn = {978-1-61284-839-6},
keywords = {-resources scheduling,9,assignment problems,cloud computing,heterogeneous computers or on,implemented on networks of,parallel genetic algorithm,parallel mainframes,pga can easily be,scalability},
month = mar,
pages = {444--447},
publisher = {IEEE Computer Society},
title = {{An approach for cloud resource scheduling based on Parallel Genetic Algorithm}},
url = {http://ieeexplore.ieee.org/lpdocs/epic03/wrapper.htm?arnumber=5764170},
year = {2011}
}

@article{Sotomayor2009a,
author = {Sotomayor, Borja and Montero, Rub\'{e}n S. and Llorente, Ignacio M. and Foster, Ian},
doi = {10.1109/MIC.2009.119},
file = {:home/larsis/.local/share/data/Mendeley Ltd./Mendeley Desktop/Downloaded/Sotomayor et al. - 2009 - Virtual Infrastructure Management in Private and Hybrid Clouds.pdf:pdf},
issn = {1089-7801},
journal = {IEEE Internet Computing},
month = sep,
number = {5},
pages = {14--22},
title = {{Virtual Infrastructure Management in Private and Hybrid Clouds}},
url = {http://ieeexplore.ieee.org/lpdocs/epic03/wrapper.htm?arnumber=5233608},
volume = {13},
year = {2009}
}

@inbook{Ellson2002,
author = {Ellson, J. and Gansner, E. and Koutsofios, L. and North, S. and Woodhull, G.},
booktitle = {Graph Drawing},
doi = {10.1007/3-540-45848-4\_57},
file = {:home/larsis/Documentos/rubensm/papers-2011/graphviz.pdf:pdf},
pages = {594--597},
publisher = {Springer Berlin / Heidelberg},
title = {{Graphviz - Open Source Graph Drawing Tools}},
url = {http://www.springerlink.com/index/bvdkvy7uj1plml8n.pdf},
volume = {2265},
year = {2002}
}

@inproceedings{Vouk2008,
author = {Vouk, M. A.},
booktitle = {Proceedings of the 30th International Conference on Information Technology Interfaces (ITI '08)},
doi = {10.1109/ITI.2008.4588381},
file = {:home/larsis/.local/share/data/Mendeley Ltd./Mendeley Desktop/Downloaded/Vouk - 2008 - Cloud computing — Issues, research and implementations.pdf:pdf},
isbn = {978-953-7138-12-7},
keywords = {cloud,computing,computing lab,end-to-end quality of service,utility computing,virtual,virtualization},
month = jun,
pages = {31--40},
publisher = {IEEE Computer Society},
title = {{Cloud computing - Issues, research and implementations}},
url = {http://ieeexplore.ieee.org/lpdocs/epic03/wrapper.htm?arnumber=4588381},
year = {2008}
}

@inproceedings{Davidson2008,
address = {New York, NY, USA},
author = {Davidson, S. B. and Freire, J.},
booktitle = {Proceedings of the 2008 ACM SIGMOD International Conference on Management of Data},
doi = {10.1145/1376616.1376772},
file = {:home/larsis/Documentos/rubensm/papers-2011/p1345-davidson.pdf:pdf},
isbn = {9781605581026},
pages = {1345--1350},
publisher = {ACM Press},
title = {{Provenance and Scientific Workflows: Challenges and Opportunities}},
url = {http://portal.acm.org/citation.cfm?doid=1376616.1376772},
year = {2008}
}

@inbook{Yu2008,
author = {Yu, J. and Buyya, R.},
booktitle = {Metaheuristic for Scheduling in Distributed Computing Environments},
editor = {Abraham, F. X. a. A.},
file = {:home/larsis/Documentos/rubensm/papers-2011/MHS-Springer-Jia2008.pdf:pdf},
keywords = {distributed re-,heuristics,inter-dependent tasks,sources,workflow scheduling},
pages = {173--214},
publisher = {Springer},
title = {{Workflow scheduling algorithms for grid computing}},
url = {http://www.springerlink.com/index/mm5035088m484293.pdf},
year = {2008}
}

@article{Foster2001,
annote = {O trabalho fala sobre a origem do termo Grid computing e mostra a rela\c{c}\~{a}o com as redes de eletricidade (power grids).},
author = {Foster, I. and Kesselman, C.},
doi = {10.1007/3-540-44942-6\_2},
file = {:home/larsis/Documentos/rubensm/papers-2011/grid-computing.pdf:pdf},
issn = {08941866},
journal = {Vector and Parallel Processing (VECPAR 2000)},
month = mar,
pages = {3--37},
publisher = {Springer Berlin / Heidelberg},
title = {{Computational grids}},
url = {http://www.springerlink.com/index/Y3A3A29457LEPHBT.pdf},
volume = {12},
year = {2001}
}

@inbook{Pandey2011,
address = {Hoboken, NJ, USA},
author = {Pandey, S. and Karunamoorthy, D. and Buyya, R.},
booktitle = {Cloud Computing: Principles and Paradigms},
chapter = {12},
doi = {10.1002/9780470940105.ch12},
file = {:home/larsis/.local/share/data/Mendeley Ltd./Mendeley Desktop/Downloaded/Pandey, Karunamoorthy, Buyya - Unknown - Workflow Engine for Clouds.pdf:pdf},
keywords = {utilizing clouds for workflow execution,visionary thoughts for practitioners,workflow engine for clouds - and workflow manageme},
pages = {321--344},
publisher = {John Wiley \& Sons, Inc.},
title = {{Workflow Engine for Clouds}},
url = {http://onlinelibrary.wiley.com/doi/10.1002/9780470940105.ch12/summary},
year = {211}
}

@misc{Nimbus2011,
author = {Nimbus},
title = {{About Nimbus}},
year = {2011}
}

#corrigido

@inproceedings{Lee2008,
    address = {Washington, DC, USA},
    author = {Lee, Kevin and Paton, Norman W. and Sakellariou, Rizos and Deelman, Ewa and Fernandes, Alvaro A. A. and Mehta, Gaurang},
    booktitle = {Proceedings of the 2008 The 3rd International Conference on Grid and Pervasive Computing - Workshops},
    isbn = {978-0-7695-3177-9},
    keywords = {workflow},
    pages = {99--106},
    priority = {2},
    publisher = {IEEE Computer Society},
    title = {{Adaptive Workflow Processing and Execution in Pegasus}},
    url = {http://portal.acm.org/citation.cfm?id=1381367},
    year = {2008}
}

@article{Crowcroft2005,
author = {Crowcroft, J. and Pias, M. and Sharma, R. and Lim, S.},
doi = {10.1109/COMST.2005.1610546},
file = {:home/larsis/Documentos/rubensm/papers-2011/p2p-survey.pdf:pdf},
issn = {1553-877X},
journal = {Journal of IEEE Communications Surveys \& Tutorials},
number = {2},
pages = {72--93},
title = {{A Survey and Comparison of Peer-to-Peer Overlay Network Schemes}},
url = {http://ieeexplore.ieee.org/lpdocs/epic03/wrapper.htm?arnumber=1610546},
volume = {7},
year = {2005}
}

@article{Lee2010,
address = {New York, New York, USA},
author = {Lee, C. A.},
doi = {10.1145/1851476.1851542},
file = {:home/larsis/Documentos/rubensm/papers-2011/cloud-comp-perspective-sci-comp.pdf:pdf},
isbn = {9781605589428},
journal = {Proceedings of the 19th ACM International Symposium on High Performance Distributed Computing (HPDC '10)},
keywords = {cloud computing,deployment trajectory,standardization},
pages = {451--459},
publisher = {ACM Press},
title = {{A Perspective on Scientific Cloud Computing}},
url = {http://portal.acm.org/citation.cfm?doid=1851476.1851542},
year = {2010}
}

@techreport{triple/Store/Report,
author = {Lee, R.},
institution = {Massachusetts Institute of Technology},
keywords = {MIT applications kde performance performance-proje},
title = {{Scalability report on triple store applications}},
url = {http://simile.mit.edu/reports/stores/index.html},
year = {2004}
}

#corrigido

@article{Eker2003,
    author = {Johan Eker and Jorn Janneck and Edward A. Lee and
              Jie Liu and Xiaojun Liu and Jozsef Ludvig and
              Sonia Sachs and Yuhong Xiong},
    title = {Taming heterogeneity - the Ptolemy approach},
    journal = {Proceedings of the IEEE},
    volume = {91},
    number = {1},
    pages = {127-144},
    month = {January},
    year = {2003},
    URL = {http://chess.eecs.berkeley.edu/pubs/488.html}
}

@article{Rehr2010,
author = {Rehr, J. and Vila, F. and Gardner, J. and Svec, L. and Prange, M.},
doi = {10.1109/MCSE.2010.20},
file = {:home/larsis/.local/share/data/Mendeley Ltd./Mendeley Desktop/Downloaded/Rehr et al. - 2010 - Scientific Computing in the Cloud.pdf:pdf},
issn = {1521-9615},
journal = {Journal of Computing in Science \& Engineering},
number = {PrePrints},
title = {{Scientific Computing in the Cloud}},
url = {http://ieeexplore.ieee.org/lpdocs/epic03/wrapper.htm?arnumber=5396290},
volume = {99},
year = {2010}
}

@inproceedings{Cirne2003,
author = {Cirne, W. and Paranhos, D. and Costa, L. and Santos-Neto, E. and Brasileiro, F. and Sauve, J. and Silva, F.A.B. and Barros, C.O. and Silveira, C.},
booktitle = {Proceedings of International Conference on Parallel Processing},
doi = {10.1109/ICPP.2003.1240605},
file = {:home/larsis/Documentos/rubensm/papers-2011/mygrid.pdf:pdf},
isbn = {0-7695-2017-0},
issn = {0190-3918},
pages = {407--416},
publisher = {IEEE Computer Society},
title = {{Running Bag-of-Tasks applications on computational grids: the MyGrid approach}},
url = {http://ieeexplore.ieee.org/lpdocs/epic03/wrapper.htm?arnumber=1240605},
year = {2003}
}

@book{probst,
author = {Probst, G. and Raub, S. and Romhardt, K.},
edition = {5},
isbn = {3-8349-0117-2},
keywords = {diplom2 diplomarbeit testfile uni unternehmen wiss},
publisher = {Gabler Verlag},
title = {{Wissen Managen: Wie Unternehmen ihre wertvollste Ressource optimal nutzen}},
year = {2006}
}

@book{webStandards,
address = {Bonn},
author = {Hauser, T. and L\"{o}wer, U. M.},
keywords = {SOAP WSDL ct1 standards uni web},
title = {{Web Services - die Standards}},
year = {2004}
}

@article{Gil2007,
author = {Gil, Yolanda and Deelman, Ewa and Ellisman, Mark and Fahringer, Thomas and Fox, Geoffrey and Gannon, Dennis and Goble, Carole and Livny, Miron and Moreau, Luc and Myers, Jim},
doi = {10.1109/MC.2007.421},
file = {:home/larsis/.local/share/data/Mendeley Ltd./Mendeley Desktop/Downloaded/Gil et al. - 2007 - Examining the Challenges of Scientific Workflows.pdf:pdf},
issn = {0018-9162},
journal = {Computer},
month = dec,
number = {12},
pages = {24--32},
title = {{Examining the Challenges of Scientific Workflows}},
url = {http://ieeexplore.ieee.org/lpdocs/epic03/wrapper.htm?arnumber=4404805},
volume = {40},
year = {2007}
}

@inproceedings{Akram2006,
author = {Akram, A. and Meredith, D. and Allan, R.},
booktitle = {Proceedings of 6th IEEE International Symposium on Cluster Computing and the Grid},
doi = {10.1109/CCGRID.2006.44},
file = {:home/larsis/Documentos/rubensm/papers-2011/01630828.pdf:pdf},
isbn = {0-7695-2585-7},
pages = {269--274},
publisher = {IEEE Computer Society},
title = {{Evaluation of BPEL to Scientific Workflows}},
url = {http://ieeexplore.ieee.org/lpdocs/epic03/wrapper.htm?arnumber=1630828},
year = {2006}
}

@article{Sotomayor2009,
author = {Sotomayor, B. and Montero, R. S. and Llorente, I. M. and Foster, I.},
doi = {10.1109/MIC.2009.119},
file = {:home/larsis/.local/share/data/Mendeley Ltd./Mendeley Desktop/Downloaded/Sotomayor et al. - 2009 - Virtual Infrastructure Management in Private and Hybrid Clouds(2).pdf:pdf},
issn = {1089-7801},
journal = {Journal of IEEE Internet Computing},
month = sep,
number = {5},
pages = {14--22},
title = {{Virtual Infrastructure Management in Private and Hybrid Clouds}},
url = {http://ieeexplore.ieee.org/lpdocs/epic03/wrapper.htm?arnumber=5233608},
volume = {13},
year = {2009}
}

@article{uddiTechnical,
author = {White paper, UDDI.org},
keywords = {UDDI ct1 oasis papaer technical uni white},
title = {{UDDI Technical White Paper}},
year = {2000}
}

@book{1036785,
address = {New York, NY, USA},
author = {Pashtan, A.},
isbn = {0521830494},
keywords = {ct2 mobile seminar service uni web},
publisher = {Cambridge University Press},
title = {{Mobile Web Services}},
url = {http://portal.acm.org/citation.cfm?id=1036785\#},
year = {2005}
}

@article{Hey2002,
author = {Hey, T. and Trefethen, A. E.},
doi = {10.1016/S0167-739X(02)00082-1},
file = {:home/larsis/Documentos/rubensm/papers-2011/uk-e-sci-core-prog-grid.pdf:pdf},
issn = {0167739X},
journal = {Journal of Future Generation Computer Systems},
keywords = {core programme,e-science,grid},
month = oct,
number = {8},
pages = {1017--1031},
title = {{The UK e-Science Core Programme and the Grid}},
url = {http://linkinghub.elsevier.com/retrieve/pii/S0167739X02000821},
volume = {18},
year = {2002}
}

@inbook{Foster2003,
author = {Foster, I and Iamnitchi, A},
booktitle = {Peer-to-Peer Systems II},
doi = {10.1007/978-3-540-45172-3\_11},
file = {:home/larsis/.local/share/data/Mendeley Ltd./Mendeley Desktop/Downloaded/Foster, Iamnitchi - 2003 - On death, taxes, and the convergence of peer-to-peer and grid computing.pdf:pdf},
pages = {118--128},
publisher = {Springer Berlin / Heidelberg},
title = {{On Death, Taxes, and the Convergence of Peer-to-Peer and Grid Computing}},
url = {http://www.springerlink.com/index/ctq1agjech3d55m3.pdf},
year = {2003}
}

@inproceedings{1015428,
address = {New York, NY, USA},
author = {Dietterich, T. G. and Ashenfelter, A. and Bulatov, Y.},
booktitle = {ICML '04: Proceedings of the twenty-first international conference on Machine learning},
doi = {http://doi.acm.org/10.1145/1015330.1015428},
isbn = {1-58113-828-5},
keywords = {bossting conditional crf diplomarbeit fields gradi},
pages = {28},
publisher = {ACM Press},
title = {{Training conditional random fields via gradient tree boosting}},
url = {http://portal.acm.org/citation.cfm?id=1015428\&coll=Portal\&dl=ACM\&CFID=22531872\&CFTOKEN=18437036},
year = {2004}
}

@article{Oinn2006a,
author = {Oinn, Tom and Greenwood, Mark and Addis, Matthew and Alpdemir, M. Nedim and Ferris, Justin and Glover, Kevin and Goble, Carole and Goderis, Antoon and Hull, Duncan and Marvin, Darren and Li, Peter and Lord, Phillip and Pocock, Matthew R. and Senger, Martin and Stevens, Robert and Wipat, Anil and Wroe, Chris},
doi = {10.1002/cpe.993},
file = {:home/larsis/Documentos/rubensm/papers-2011/taverna-ccpe-reviewed.pdf:pdf},
issn = {1532-0626},
journal = {Concurrency and Computation: Practice and Experience},
keywords = {life sciences,scientific workflow,semantic grid environment,web services},
month = aug,
number = {10},
pages = {1067--1100},
title = {{Taverna: lessons in creating a workflow environment for the life sciences}},
url = {http://doi.wiley.com/10.1002/cpe.993},
volume = {18},
year = {2006}
}

@article{Zhong2010,
author = {Zhong, H. and Tao, K. and Zhang, X.},
doi = {10.1109/ChinaGrid.2010.37},
file = {:home/larsis/Documentos/rubensm/papers-2011/prop-schel3.pdf:pdf},
isbn = {978-1-4244-7543-8},
journal = {Journal of 2010 Fifth Annual ChinaGrid Conference},
keywords = {cloud computing,genetic algorithm,grid computing,iaas,resource scheduling},
month = jul,
pages = {124--129},
publisher = {Ieee},
title = {{An Approach to Optimized Resource Scheduling Algorithm for Open-Source Cloud Systems}},
url = {http://ieeexplore.ieee.org/lpdocs/epic03/wrapper.htm?arnumber=5563015},
year = {2010}
}

@inproceedings{Buyya2008,
author = {Buyya, R. and Yeo, C. S. and Venugopal, S.},
booktitle = {Proceedings of the 10th IEEE International Conference on High Performance Computing and Communications (HPCC '08)},
doi = {10.1109/HPCC.2008.172},
file = {:home/larsis/Documentos/rubensm/papers-2011/market-cloud-hype.pdf:pdf},
isbn = {978-0-7695-3352-0},
month = sep,
pages = {5--13},
publisher = {IEEE Computer Society},
title = {{Market-Oriented Cloud Computing: Vision, Hype, and Reality for Delivering IT Services as Computing Utilities}},
url = {http://ieeexplore.ieee.org/lpdocs/epic03/wrapper.htm?arnumber=4637675},
year = {2008}
}

@inproceedings{Xu2009,
author = {Xu, M. and Cui, L. and Wang, H. and Bi, Y.},
booktitle = {Proceedings of IEEE International Symposium on Parallel and Distributed Processing with Applications},
doi = {10.1109/ISPA.2009.95},
file = {:home/larsis/Documentos/rubensm/papers-2011/mqmw.pdf:pdf},
isbn = {978-0-7695-3747-4},
keywords = {-cloud computing,multiple qos,multiple workflows,requirements,scheduling},
month = aug,
pages = {629--634},
publisher = {IEEE Computer Society},
title = {{A Multiple QoS Constrained Scheduling Strategy of Multiple Workflows for Cloud Computing}},
url = {http://www.computer.org/portal/web/csdl/doi/10.1109/ISPA.2009.95},
year = {2009}
}

@inproceedings{lafferty01conditional,
author = {Lafferty, J. and McCallum, A. and Pereira, F.},
booktitle = {Proc. 18th International Conf. on Machine Learning},
keywords = {conditional learning uni crf ie diplomarbeit field},
pages = {282--289},
publisher = {Morgan Kaufmann, San Francisco, CA},
title = {{Conditional Random Fields: \{P\}robabilistic Models for Segmenting and Labeling Sequence Data}},
url = {citeseer.ist.psu.edu/lafferty01conditional.html},
year = {2001}
}

@misc{Ramakrishnan2010,
address = {New York, NY, USA},
author = {Ramakrishnan, L. and Jackson, K. R. and Canon, S. and Cholia, S. and Shalf, J.},
booktitle = {Proceedings of the 1st ACM Symposium on Cloud computing ( SoCC '10)},
doi = {10.1145/1807128.1807145},
file = {:home/larsis/.local/share/data/Mendeley Ltd./Mendeley Desktop/Downloaded/Ramakrishnan et al. - 2010 - Defining future platform requirements for e-Science clouds.pdf:pdf},
isbn = {9781450300360},
keywords = {MapReduce,cloud computing,data parallel computing,scientific computing},
pages = {101--106},
publisher = {ACM Press},
title = {{Defining Future Platform Requirements for e-Science Clouds}},
url = {http://portal.acm.org/citation.cfm?doid=1807128.1807145},
year = {2010}
}

@incollection{wminkoop,
author = {Odenthal, S. and Wissel, G.},
booktitle = {Innovationsmanagement},
keywords = {diplom uni kooperation wissensmanagement wm},
publisher = {Symposion Publishing Verlag},
title = {{Wissensmanagement in Kooperationen}},
year = {2004}
}

@inproceedings{pm04accurate,
author = {Peng, F. and McCallum, A.},
booktitle = {HLT-NAACL},
keywords = {conditional learning information uni crf ie diplom},
pages = {329--336},
title = {{Accurate Information Extraction from Research Papers using Conditional Random Fields}},
url = {http://www.cs.umass.edu/~mccallum/papers/hlt2004.pdf},
year = {2004}
}

@book{guelich2001,
author = {Guelich, S. and Gundavaram, S. and Birznieks, G.},
isbn = {3-89721-167-X},
keywords = {cgi perl uni programming},
title = {{CGI-Programmierung mit Perl}},
year = {2001}
}

@article{Dikaiakos2008,
author = {Dikaiakos, M. D. and Katsaros, D. and Mehra, P. and Pallis, G. and Vakali, A.},
doi = {10.1109/MIC.2009.103},
file = {:home/larsis/.local/share/data/Mendeley Ltd./Mendeley Desktop/Downloaded/Milojicic - 2008 - Cloud Computing Interview with Russ Daniels and Franco Travostino.pdf:pdf},
issn = {1089-7801},
journal = {Journal of IEEE Internet Computing},
month = sep,
number = {5},
pages = {10--13},
title = {{Cloud Computing: Distributed Internet Computing for IT and Scientific Research}},
url = {http://ieeexplore.ieee.org/lpdocs/epic03/wrapper.htm?arnumber=5233607},
volume = {13},
year = {2009}
}

@inproceedings{Soror2008,
address = {New York, New York, USA},
author = {Soror, A. A. and Minhas, U. F. and Aboulnaga, A. and Salem, K. and Kokosielis, P. and Kamath, S.},
booktitle = {Proceedings of the 2008 ACM SIGMOD international conference on Management of data},
doi = {10.1145/1376616.1376711},
file = {:home/larsis/Documentos/rubensm/papers-2011/sigmod08vmconf.pdf:pdf},
isbn = {9781605581026},
pages = {953},
publisher = {ACM Press},
title = {{Automatic Virtual Machine Configuration for Database Workloads}},
url = {http://portal.acm.org/citation.cfm?id=1670250},
year = {2008}
}

@inproceedings{Foster2008,
author = {Foster, I. and Zhao, Y. and Raicu, I. and Lu, S.},
booktitle = {Proceedings of the Grid Computing Environments Workshop},
doi = {10.1109/GCE.2008.4738445},
file = {:home/larsis/.local/share/data/Mendeley Ltd./Mendeley Desktop/Downloaded/Foster et al. - 2008 - Cloud Computing and Grid Computing 360-Degree Compared.pdf:pdf},
isbn = {978-1-4244-2860-1},
month = nov,
pages = {1--10},
publisher = {IEEE Computer Society},
title = {{Cloud Computing and Grid Computing 360-Degree Compared}},
url = {http://ieeexplore.ieee.org/lpdocs/epic03/wrapper.htm?arnumber=4738445},
year = {2008}
}

#corrigido

@techreport{Hollingsworth1995,
  author = {Hollingsworth, D.},
  biburl = {http://www.bibsonomy.org/bibtex/236043efffa9939b3b1c45a80859207c2/mstrohm},
  institution = {Workflow Management Coalition},
  interhash = {ff1de9a18019ef396222c4cada2566c7},
  intrahash = {36043efffa9939b3b1c45a80859207c2},
  keywords = {standards workflows},
  month = Jan,
  status = {vorhanden (in elektronischer Form)},
  timestamp = {2006-10-20T06:52:21.000+0200},
  title = {Workflow Management Coalition - The Workflow Reference Model},
  year = 1995
}

@article{Vaquero2008,
author = {Vaquero, L. M. and Rodero-Merino, L. and Caceres, J. and Lindner, M.},
file = {:home/larsis/Documentos/rubensm/papers-2011/p50-v39n1l-vaqueroA.pdf:pdf},
issn = {0146-4833},
journal = {Journal of ACM SIGCOMM Computer Communication Review},
keywords = {cloud computing,cloud definition,grid},
number = {1},
pages = {50--55},
publisher = {ACM},
title = {{A Break in the Clouds: towards a Cloud Definition}},
url = {http://portal.acm.org/citation.cfm?id=1496100},
volume = {39},
year = {2008}
}

@article{Rimal2009,
author = {Rimal, Bhaskar Prasad and Choi, Eunmi and Lumb, Ian},
doi = {10.1109/NCM.2009.218},
file = {:home/larsis/.local/share/data/Mendeley Ltd./Mendeley Desktop/Downloaded/Rimal, Choi, Lumb - 2009 - A Taxonomy and Survey of Cloud Computing Systems.pdf:pdf},
isbn = {978-0-7695-3769-6},
journal = {2009 Fifth International Joint Conference on INC, IMS and IDC},
month = aug,
pages = {44--51},
publisher = {Ieee},
title = {{A Taxonomy and Survey of Cloud Computing Systems}},
url = {http://ieeexplore.ieee.org/lpdocs/epic03/wrapper.htm?arnumber=5331755},
year = {2009}
}

@book{Nurmi2009,
author = {Nurmi, Daniel and Wolski, Rich and Grzegorczyk, Chris and Obertelli, Graziano and Soman, Sunil and Youseff, Lamia and Zagorodnov, Dmitrii},
booktitle = {2009 9th IEEE/ACM International Symposium on Cluster Computing and the Grid},
doi = {10.1109/CCGRID.2009.93},
file = {:home/larsis/.local/share/data/Mendeley Ltd./Mendeley Desktop/Downloaded/Nurmi et al. - 2009 - The Eucalyptus Open-Source Cloud-Computing System.pdf:pdf},
isbn = {978-1-4244-3935-5},
month = may,
pages = {124--131},
publisher = {IEEE},
title = {{The Eucalyptus Open-Source Cloud-Computing System}},
url = {http://ieeexplore.ieee.org/lpdocs/epic03/wrapper.htm?arnumber=5071863},
year = {2009}
}

@article{Dikaiakos2008,
author = {Dikaiakos, Marios D. and Katsaros, Dimitrios and Mehra, Pankaj and Pallis, George and Vakali, Athena},
doi = {10.1109/MIC.2009.103},
file = {:home/larsis/.local/share/data/Mendeley Ltd./Mendeley Desktop/Downloaded/Milojicic - 2008 - Cloud Computing Interview with Russ Daniels and Franco Travostino.pdf:pdf},
issn = {1089-7801},
journal = {IEEE Internet Computing},
month = sep,
number = {5},
pages = {10--13},
title = {{Cloud Computing: Distributed Internet Computing for IT and Scientific Research}},
url = {http://ieeexplore.ieee.org/lpdocs/epic03/wrapper.htm?arnumber=5233607},
volume = {13},
year = {2009}
}

@article{Miloji2011,
annote = {Discuss\~{a}o com os desenvolvedores do Open Nebula.},
author = {Miloji, Dejan and Llorente, Ignacio M. and Montero, Ruben S.},
doi = {10.1109/MIC.2011.44},
file = {:home/larsis/Documentos/rubensm/papers-2011/cloud-middleware/opennebula-discussion.pdf:pdf},
issn = {1089-7801},
journal = {IEEE Internet Computing},
month = mar,
number = {2},
pages = {11--14},
title = {{OpenNebula: A Cloud Management Tool}},
url = {http://ieeexplore.ieee.org/lpdocs/epic03/wrapper.htm?arnumber=5731584},
volume = {15},
year = {2011}
}

@article{Foster2008,
author = {Foster, Ian and Zhao, Yong and Raicu, Ioan and Lu, Shiyong},
doi = {10.1109/GCE.2008.4738445},
file = {:home/larsis/.local/share/data/Mendeley Ltd./Mendeley Desktop/Downloaded/Foster et al. - 2008 - Cloud Computing and Grid Computing 360-Degree Compared.pdf:pdf},
isbn = {978-1-4244-2860-1},
journal = {2008 Grid Computing Environments Workshop},
month = nov,
pages = {1--10},
publisher = {Ieee},
title = {{Cloud Computing and Grid Computing 360-Degree Compared}},
url = {http://ieeexplore.ieee.org/lpdocs/epic03/wrapper.htm?arnumber=4738445},
year = {2008}
}

@article{Vaquero2008,
author = {Vaquero, L.M. and Rodero-Merino, L. and Caceres, Juan and Lindner, Maik},
file = {:home/larsis/Documentos/rubensm/papers-2011/p50-v39n1l-vaqueroA.pdf:pdf},
issn = {0146-4833},
journal = {ACM SIGCOMM Computer Communication Review},
keywords = {cloud computing,cloud definition,grid},
number = {1},
pages = {50--55},
publisher = {ACM},
title = {{A break in the clouds: towards a cloud definition}},
url = {http://portal.acm.org/citation.cfm?id=1496100},
volume = {39},
year = {2008}
}

@article{Almeida2008,
author = {Almeida, Eduardo Cunha De and Suny\'{e}, Gerson and Traon, Yves Le and Valduriez, Patrick},
doi = {10.1109/ISSRE.2008.42},
file = {:Users/Diogo/Documents/UFPR/pesquisa/peerunit/issre2008.pdf:pdf},
journal = {2008 19th International Symposium on Software Reliability Engineering (ISSRE)},
month = nov,
pages = {167--176},
publisher = {Ieee},
title = {{A Framework for Testing Peer-to-Peer Systems}},
url = {http://ieeexplore.ieee.org/lpdocs/epic03/wrapper.htm?arnumber=4700321},
year = {2008}
}

@article{Deelman2009,
doi = {10.1016/j.future.2008.06.012},
issn = {0167739X},
journal = {Future Generation Computer Systems},
number = {5},
pages = {528--540},
publisher = {Elsevier B.V.},
title = {{Workflows and e-Science: An overview of workflow system features and capabilities}}
volume = {25},
year = {2009}
}

@inproceedings{Halsey2004,
author = {Halsey, Keith},
booktitle = {Proc. Int. Conf. on Automated Planning and Scheduling (ICAPS-2004) International Planning Competition},
file = {:Users/Diogo/Documents/UFPR/pesquisa/crikey/Crikey.pdf:pdf},
pages = {35--37},
title = {{The workings of CRIKEY - a temporal metric planner}},
url = {http://www.tzi.de/~edelkamp/ipc-4/IPC-4.pdf\#page=45},
year = {2004}
}

#corrigido

@inproceedings{Hoffmann2002,
    author = {Jorg Hoffmann},
    title = {Extending FF to numerical state variables},
    booktitle = {Proceedings of the 15Th European Conference on Artificial Intelligence},
    year = {2002},
    pages = {571--575},
    publisher = {Wiley}
}

@article{Fox2003,
author = {Fox, Maria and Long, D.},
file = {:Users/Diogo/Documents/UFPR/pesquisa/crikey/live-1129-2132-jair.pdf:pdf},
journal = {J. Artif. Intell. Res. (JAIR)},
pages = {61--124},
title = {{PDDL2.1: An Extension to PDDL for Expressing Temporal Planning Domains}},
url = {http://www.aaai.org/Papers/JAIR/Vol20/JAIR-2002.pdf},
volume = {20},
year = {2003}
}

@inproceedings{Foster2002,
author = {Foster, Ian and Vockler, J. and Wilde, M. and Zhao, Y.},
booktitle = {Scientific and Statistical Database Management, 2002. Proceedings. 14th International Conference on},
file = {:Users/Diogo/Documents/UFPR/pesquisa/chimera/VDS02.pdf:pdf},
pages = {37--46},
publisher = {IEEE},
title = {{Chimera: A virtual data system for representing, querying, and automating data derivation}},
url = {http://ieeexplore.ieee.org/xpls/abs\_all.jsp?arnumber=1029704},
year = {2002}
}

@inproceedings{Callahan2006,
author = {Callahan, S.P. and Freire, Juliana and Santos, Emanuele and Scheidegger, C.E. and Silva, C.T. and Vo, H.T.},
booktitle = {Proceedings of the 2006 ACM SIGMOD international conference on Management of data},
file = {:Users/Diogo/Documents/UFPR/pesquisa/vistrails/sigmod2006.pdf:pdf},
isbn = {1595932569},
pages = {745--747},
publisher = {ACM},
title = {{VisTrails: visualization meets data management}},
url = {http://dl.acm.org/citation.cfm?id=1142574},
year = {2006}
}

#corrigido

@article{Coles,
  author    = {Andrew Coles and
               Maria Fox and
               Keith Halsey and
               Derek Long and
               Amanda Smith},
  title     = {Managing concurrency in temporal planning using planner-scheduler
               interaction},
  journal   = {Artif. Intell.},
  volume    = {173},
  number    = {1},
  year      = {2009},
  pages     = {1-44},
  ee        = {http://dx.doi.org/10.1016/j.artint.2008.08.003},
  bibsource = {DBLP, http://dblp.uni-trier.de}
}

@article{Armbrust2009,
author = {Armbrust, Michael and Fox, Armando and Griffith, Rean and Joseph, Anthony D and Katz, Randy and Konwinski, Andy and Lee, Gunho and Patterson, David and Rabkin, Ariel and Stoica, Ion and Zaharia, Matei},
file = {:Users/Diogo/Documents/UFPR/pesquisa/cloud/abovetheclouds.pdf:pdf},
journal = {Computing},
keywords = {cloud computing,distributed system economics,internet datacenters,utility computing},
pages = {7--13},
title = {{Above the Clouds : A Berkeley View of Cloud Computing Cloud Computing : An Old Idea Whose Time Has ( Finally ) Come}},
year = {2009}
}

#corrigido

@TECHREPORT{Miles,
    author = {Simon Miles and Paul Groth and Miguel Branco and Luc Moreau},
    title = {The requirements of recording and using provenance in e-science experiments},
    institution = {Journal of Grid Computing},
    year = {2005}
}

@article{Gil2004,
author = {Gil, Yolanda and Deelman, Ewa and Blythe, Jim and Kesselman, Carl and Tangmunarunkit, H.},
file = {:Users/Diogo/Documents/UFPR/pesquisa/ia-workflow/ieee\_is04.pdf:pdf},
journal = {Intelligent Systems, IEEE},
number = {1},
pages = {26--33},
publisher = {IEEE},
title = {{Artificial Intelligence and Grids : Workflow Planning and Beyond}},
url = {http://ieeexplore.ieee.org/xpls/abs\_all.jsp?arnumber=1265882},
volume = {19},
year = {2004}
}

#corrigido

@article{Androutsellis-theotokis2004,
 author = {Androutsellis-Theotokis, Stephanos and Spinellis, Diomidis},
 title = {A survey of peer-to-peer content distribution technologies},
 journal = {ACM Comput. Surv.},
 issue_date = {December 2004},
 volume = {36},
 number = {4},
 month = dec,
 year = {2004},
 issn = {0360-0300},
 pages = {335--371},
 numpages = {37},
 url = {http://doi.acm.org/10.1145/1041680.1041681},
 doi = {10.1145/1041680.1041681},
 acmid = {1041681},
 publisher = {ACM},
 address = {New York, NY, USA},
 keywords = {Content distribution, DHT, DOLR, grid computing, p2p, peer-to-peer},
}

@article{Miles2007,
author = {Miles, Simon and Wong, Sylvia C. and Fang, Weijian and Groth, Paul and Zauner, Klaus-Peter and Moreau, Luc},
doi = {10.1016/j.websem.2006.11.003},
file = {:Users/Diogo/Documents/UFPR/pesquisa/provenance-e-science/WEBSEM07.pdf:pdf},
issn = {15708268},
journal = {Web Semantics: Science, Services and Agents on the World Wide Web},
keywords = {e-science,process validation,provenance,semantic service description},
month = mar,
number = {1},
pages = {28--38},
title = {{Provenance-based validation of e-science experiments}},
url = {http://linkinghub.elsevier.com/retrieve/pii/S1570826806000564},
volume = {5},
year = {2007}
}

#corrigido

@article{Cheung2005,
    author = {Cheung and Jiming, Liu},
    doi = {10.1111/j.0824-7935.2005.00267.x},
    issn = {0824-7935},
    journal = {Computational Intelligence},
    keywords = {ai},
    month = may,
    number = {2},
    pages = {111--129},
    priority = {2},
    publisher = {Blackwell Publishing},
    title = {ON KNOWLEDGE GRID AND GRID INTELLIGENCE: A SURVEY},
    url = {http://dx.doi.org/10.1111/j.0824-7935.2005.00267.x},
    volume = {21},
    year = {2005}
}

#corrigido

@ARTICLE{Bonet2001,
    author = {Blai Bonet and Hector Geffner},
    title = {Planning as Heuristic Search},
    journal = {Artificial Intelligence},
    year = {2001},
    volume = {129},
    pages = {5--33}
}

#corrigido

@inproceedings{Kautz2006,
    author = {Kautz, Henry A. and Selman, Bart and Hoffmann, J{\"{o}}rg},
    booktitle = {Abstracts of the 5th International Planning Competition},
    citeulike-article-id = {3991112},
    key = {planning},
    keywords = {mylib, planning, sat},
    posted-at = {2009-02-01 09:45:27},
    priority = {2},
    title = {{SatPlan}: Planning as Satisfiability},
    year = {2006}
}

@inproceedings{Yongsun2004,
  author    = {Yongsun Choi},
  title     = {A Two Phase Verification Algorithm for Cyclic Workflow Graphs},
  booktitle = {ICEB},
  year      = {2004},
  pages     = {137-143},
  publisher = {Academic Publishers/World Publishing Corporation},
  editor    = {Jian Chen},
}